<?xml version="1.0" encoding="UTF-8"?>
<!DOCTYPE html PUBLIC "-//W3C//DTD XHTML 1.0 Transitional//EN"
    "http://www.w3.org/TR/xhtml1/DTD/xhtml1-transitional.dtd">
<html xmlns="http://www.w3.org/1999/xhtml" xml:lang="en" lang="en">
 <head>
  <title>
</title>
<meta http-equiv="Content-Type" content="text/html;charset=utf-8" />
  <meta name='ocr-system' content='tesseract 3.04.00' />
  <meta name='ocr-capabilities' content='ocr_page ocr_carea ocr_par ocr_line ocrx_word'/>
</head>
<body>
  <div class='ocr_page' id='page_1' title='image "4769569_0012.png"; bbox 0 0 2413 3051; ppageno 0'>
   <div class='ocr_carea' id='block_1_1' title="bbox 170 125 2215 295">
    <p class='ocr_par' dir='ltr' id='par_1_1' title="bbox 170 125 2215 295">
     <span class='ocr_line' id='line_1_1' title="bbox 1174 125 1203 165; baseline 0 0"><span class='ocrx_word' id='word_1_1' title='bbox 1174 125 1203 165; x_wconf 80' lang='lat'>⁵</span> 
     </span>
     <span class='ocr_line' id='line_1_2' title="bbox 170 234 2215 295; baseline -0.001 -14"><span class='ocrx_word' id='word_1_2' title='bbox 170 239 264 281; x_wconf 75' lang='lat' dir='ltr'>dn&#39;a</span> <span class='ocrx_word' id='word_1_3' title='bbox 290 236 450 290; x_wconf 67' lang='lat' dir='ltr'>anam,</span> <span class='ocrx_word' id='word_1_4' title='bbox 478 238 656 288; x_wconf 78' lang='lat' dir='ltr'>Ter.,-</span> <span class='ocrx_word' id='word_1_5' title='bbox 684 236 924 295; x_wconf 75' lang='lat' dir='ltr'>qubemaetor</span> <span class='ocrx_word' id='word_1_6' title='bbox 951 250 978 278; x_wconf 75' lang='lat' dir='ltr'>a</span> <span class='ocrx_word' id='word_1_7' title='bbox 1004 237 1112 290; x_wconf 77' lang='lat' dir='ltr'>navi,</span> <span class='ocrx_word' id='word_1_8' title='bbox 1141 237 1351 288; x_wconf 84' lang='lat' dir='ltr'>Plaut.‚—</span> <span class='ocrx_word' id='word_1_9' title='bbox 1371 247 1489 277; x_wconf 73' lang='lat' dir='ltr'>canes</span> <span class='ocrx_word' id='word_1_10' title='bbox 1516 234 1573 275; x_wconf 81' lang='lat' dir='ltr'>ad</span> <span class='ocrx_word' id='word_1_11' title='bbox 1597 235 1833 287; x_wconf 70' lang='lat' dir='ltr'>venandum,</span> <span class='ocrx_word' id='word_1_12' title='bbox 1853 258 1895 268; x_wconf 84' lang='lat'>—</span> <span class='ocrx_word' id='word_1_13' title='bbox 1931 248 2041 291; x_wconf 70' lang='lat' dir='ltr'>apem</span> <span class='ocrx_word' id='word_1_14' title='bbox 2068 235 2215 279; x_wconf 64' lang='lat' dir='ltr'>habere</span> 
     </span>
    </p>
   </div>
   <div class='ocr_carea' id='block_1_2' title="bbox 137 302 2212 2708">
    <p class='ocr_par' dir='ltr' id='par_1_2' title="bbox 161 302 2212 1075">
     <span class='ocr_line' id='line_1_3' title="bbox 167 302 2212 360; baseline -0 -16"><span class='ocrx_word' id='word_1_15' title='bbox 167 305 211 344; x_wconf 72' lang='lat' dir='ltr'>in</span> <span class='ocrx_word' id='word_1_16' title='bbox 239 317 330 360; x_wconf 76' lang='lat' dir='ltr'>quo,</span> <span class='ocrx_word' id='word_1_17' title='bbox 360 304 447 343; x_wconf 78' lang='lat' dir='ltr'>cic.</span> <span class='ocrx_word' id='word_1_18' title='bbox 475 315 540 355; x_wconf 85' lang='lat' dir='ltr'>pr.</span> <span class='ocrx_word' id='word_1_19' title='bbox 564 304 724 354; x_wconf 77' lang='lat' dir='ltr'>Quinct.</span> <span class='ocrx_word' id='word_1_20' title='bbox 741 303 810 351; x_wconf 55' lang='grc' dir='ltr'>ἃς</span> <span class='ocrx_word' id='word_1_21' title='bbox 832 309 878 343; x_wconf 84' lang='lat' dir='ltr'>ut</span> <span class='ocrx_word' id='word_1_22' title='bbox 905 304 1053 343; x_wconf 86' lang='lat' dir='ltr'>deinde</span> <span class='ocrx_word' id='word_1_23' title='bbox 1079 305 1149 343; x_wconf 83' lang='lat' dir='ltr'>iila</span> <span class='ocrx_word' id='word_1_24' title='bbox 1178 310 1395 343; x_wconf 87' lang='lat' dir='ltr'>ceterarum</span> <span class='ocrx_word' id='word_1_25' title='bbox 1426 302 1640 340; x_wconf 75' lang='lat' dir='ltr'>sententiae</span> <span class='ocrx_word' id='word_1_26' title='bbox 1669 314 1814 341; x_wconf 87' lang='lat' dir='ltr'>vocum</span> <span class='ocrx_word' id='word_1_27' title='bbox 1843 303 1995 342; x_wconf 83' lang='lat' dir='ltr'>ratione</span> <span class='ocrx_word' id='word_1_28' title='bbox 2025 315 2104 342; x_wconf 90' lang='lat' dir='ltr'>nou</span> <span class='ocrx_word' id='word_1_29' title='bbox 2133 304 2212 343; x_wconf 76' lang='lat' dir='ltr'>ba—</span> 
     </span>
     <span class='ocr_line' id='line_1_4' title="bbox 167 362 2212 421; baseline 0 -13"><span class='ocrx_word' id='word_1_30' title='bbox 167 370 251 408; x_wconf 82' lang='lat' dir='ltr'>bita</span> <span class='ocrx_word' id='word_1_31' title='bbox 280 380 559 420; x_wconf 76' lang='lat' dir='ltr'>quemcunque</span> <span class='ocrx_word' id='word_1_32' title='bbox 586 369 728 408; x_wconf 84' lang='lat' dir='ltr'>volunt</span> <span class='ocrx_word' id='word_1_33' title='bbox 755 381 955 421; x_wconf 77' lang='lat' dir='ltr'>occupare</span> <span class='ocrx_word' id='word_1_34' title='bbox 983 371 1131 418; x_wconf 86' lang='lat' dir='ltr'>locum,</span> <span class='ocrx_word' id='word_1_35' title='bbox 1147 362 1322 420; x_wconf 82' lang='lat' dir='ltr'>possent,</span> <span class='ocrx_word' id='word_1_36' title='bbox 1349 368 1432 406; x_wconf 84' lang='lat' dir='ltr'>hae</span> <span class='ocrx_word' id='word_1_37' title='bbox 1460 380 1552 405; x_wconf 88' lang='lat' dir='ltr'>vero</span> <span class='ocrx_word' id='word_1_38' title='bbox 1582 367 1657 406; x_wconf 82' lang='lat' dir='ltr'>uisi</span> <span class='ocrx_word' id='word_1_39' title='bbox 1687 379 1778 407; x_wconf 86' lang='lat' dir='ltr'>cum</span> <span class='ocrx_word' id='word_1_40' title='bbox 1808 368 1938 407; x_wconf 79' lang='lat' dir='ltr'>verbis</span> <span class='ocrx_word' id='word_1_41' title='bbox 1967 369 2068 420; x_wconf 78' lang='lat' dir='ltr'>ipsiu</span> <span class='ocrx_word' id='word_1_42' title='bbox 2096 381 2212 408; x_wconf 87' lang='lat' dir='ltr'>com-</span> 
     </span>
     <span class='ocr_line' id='line_1_5' title="bbox 165 423 2211 488; baseline -0.001 -13"><span class='ocrx_word' id='word_1_43' title='bbox 165 434 321 487; x_wconf 71' lang='lat' dir='ltr'>positae</span> <span class='ocrx_word' id='word_1_44' title='bbox 348 438 470 482; x_wconf 75' lang='lat' dir='ltr'>eraut,</span> <span class='ocrx_word' id='word_1_45' title='bbox 498 439 602 473; x_wconf 78' lang='lat' dir='ltr'>totas</span> <span class='ocrx_word' id='word_1_46' title='bbox 629 447 674 474; x_wconf 77' lang='lat' dir='ltr'>se</span> <span class='ocrx_word' id='word_1_47' title='bbox 688 423 890 486; x_wconf 37' lang='lat' dir='ltr'>fingerent*</span> <span class='ocrx_word' id='word_1_48' title='bbox 904 441 943 475; x_wconf 90' lang='lat' dir='ltr'>et</span> <span class='ocrx_word' id='word_1_49' title='bbox 961 433 1308 476; x_wconf 75' lang='lat' dir='ltr'>accommodarent</span> <span class='ocrx_word' id='word_1_50' title='bbox 1335 432 1389 472; x_wconf 71' lang='lat' dir='ltr'>ad</span> <span class='ocrx_word' id='word_1_51' title='bbox 1408 433 1625 482; x_wconf 84' lang='lat' dir='ltr'><strong>nominum,</strong></span> <span class='ocrx_word' id='word_1_52' title='bbox 1645 423 1884 485; x_wconf 67' lang='lat' dir='ltr'>quibuscum</span> <span class='ocrx_word' id='word_1_53' title='bbox 1914 433 2211 488; x_wconf 79' lang='lat' dir='ltr'>conjungeren-</span> 
     </span>
     <span class='ocr_line' id='line_1_6' title="bbox 168 487 2211 551; baseline 0 -13"><span class='ocrx_word' id='word_1_54' title='bbox 168 505 246 548; x_wconf 87' lang='lat' dir='ltr'>tur,</span> <span class='ocrx_word' id='word_1_55' title='bbox 283 498 489 540; x_wconf 79' lang='lat' dir='ltr'>arbitrium</span> <span class='ocrx_word' id='word_1_56' title='bbox 529 503 768 551; x_wconf 86' lang='lat' dir='ltr'>nutumque3</span> <span class='ocrx_word' id='word_1_57' title='bbox 806 504 892 538; x_wconf 86' lang='lat' dir='ltr'>tum</span> <span class='ocrx_word' id='word_1_58' title='bbox 930 505 973 540; x_wconf 90' lang='lat' dir='ltr'>ut</span> <span class='ocrx_word' id='word_1_59' title='bbox 1012 500 1083 538; x_wconf 82' lang='lat' dir='ltr'>illa</span> <span class='ocrx_word' id='word_1_60' title='bbox 1122 487 1333 551; x_wconf 76' lang='lat' dir='ltr'>maximam</span> <span class='ocrx_word' id='word_1_61' title='bbox 1369 503 1527 549; x_wconf 49' lang='lat' dir='ltr'>*partem</span> <span class='ocrx_word' id='word_1_62' title='bbox 1574 499 1614 537; x_wconf 89' lang='lat' dir='ltr'>iu</span> <span class='ocrx_word' id='word_1_63' title='bbox 1655 499 1833 538; x_wconf 80' lang='lat' dir='ltr'>diversos</span> <span class='ocrx_word' id='word_1_64' title='bbox 1873 499 1999 537; x_wconf 79' lang='lat' dir='ltr'>flexus</span> <span class='ocrx_word' id='word_1_65' title='bbox 2043 500 2211 550; x_wconf 81' lang='lat' dir='ltr'>abirent,</span> 
     </span>
     <span class='ocr_line' id='line_1_7' title="bbox 169 554 2209 618; baseline 0 -15"><span class='ocrx_word' id='word_1_66' title='bbox 169 565 398 615; x_wconf 77' lang='lat' dir='ltr'><strong>similesque</strong></span> <span class='ocrx_word' id='word_1_67' title='bbox 425 565 619 604; x_wconf 84' lang='lat' dir='ltr'>haberent</span> <span class='ocrx_word' id='word_1_68' title='bbox 646 564 687 603; x_wconf 86' lang='lat' dir='ltr'>in</span> <span class='ocrx_word' id='word_1_69' title='bbox 717 564 823 602; x_wconf 86' lang='lat' dir='ltr'>exitu</span> <span class='ocrx_word' id='word_1_70' title='bbox 852 561 966 605; x_wconf 76' lang='lat' dir='ltr'>casus</span> <span class='ocrx_word' id='word_1_71' title='bbox 995 578 1043 604; x_wconf 86' lang='lat' dir='ltr'>ac</span> <span class='ocrx_word' id='word_1_72' title='bbox 1073 565 1231 603; x_wconf 84' lang='lat' dir='ltr'>nomina</span> <span class='ocrx_word' id='word_1_73' title='bbox 1261 571 1301 602; x_wconf 88' lang='lat' dir='ltr'>et</span> <span class='ocrx_word' id='word_1_74' title='bbox 1328 554 1542 614; x_wconf 80' lang='lat' dir='ltr'>adjectiva,</span> <span class='ocrx_word' id='word_1_75' title='bbox 1565 570 1609 602; x_wconf 90' lang='lat' dir='ltr'>ut</span> <span class='ocrx_word' id='word_1_76' title='bbox 1637 563 1778 614; x_wconf 79' lang='grc' dir='ltr'><strong><em>ἀγχοῦ,</em></strong></span> <span class='ocrx_word' id='word_1_77' title='bbox 1806 565 1945 618; x_wconf 83' lang='grc' dir='ltr'><strong><em>τηλοῦ,</em></strong></span> <span class='ocrx_word' id='word_1_78' title='bbox 1961 566 2209 616; x_wconf 66' lang='grc' dir='ltr'><strong><em>περαιτέρω,</em></strong></span> 
     </span>
     <span class='ocr_line' id='line_1_8' title="bbox 167 624 2209 685; baseline -0 -17"><span class='ocrx_word' id='word_1_79' title='bbox 167 624 305 682; x_wconf 83' lang='grc' dir='ltr'><strong><em>α’φνω,</em></strong></span> <span class='ocrx_word' id='word_1_80' title='bbox 335 643 462 678; x_wconf 76' lang='grc' dir='ltr'><strong><em>ανεω,</em></strong></span> <span class='ocrx_word' id='word_1_81' title='bbox 492 629 637 678; x_wconf 84' lang='grc' dir='ltr'><strong><em>ὀπίσω,</em></strong></span> <span class='ocrx_word' id='word_1_82' title='bbox 667 627 761 678; x_wconf 71' lang='grc' dir='ltr'><strong><em>ἔξω,</em></strong></span> <span class='ocrx_word' id='word_1_83' title='bbox 791 627 888 678; x_wconf 66' lang='grc' dir='ltr'><strong><em>ξ’,σω</em></strong></span> <span class='ocrx_word' id='word_1_84' title='bbox 920 643 1024 678; x_wconf 87' lang='grc' dir='ltr'><strong><em>ανω,</em></strong></span> <span class='ocrx_word' id='word_1_85' title='bbox 1055 627 1174 677; x_wconf 85' lang='grc' dir='ltr'><strong><em>κάτω,</em></strong></span> <span class='ocrx_word' id='word_1_86' title='bbox 1204 627 1353 681; x_wconf 86' lang='grc' dir='ltr'><strong><em>πρόσω,</em></strong></span> <span class='ocrx_word' id='word_1_87' title='bbox 1384 630 1513 683; x_wconf 85' lang='grc' dir='ltr'><strong><em>κοινῇ,</em></strong></span> <span class='ocrx_word' id='word_1_88' title='bbox 1544 626 1641 682; x_wconf 79' lang='grc' dir='ltr'><strong><em>ἰδίᾳ,</em></strong></span> <span class='ocrx_word' id='word_1_89' title='bbox 1670 629 1788 685; x_wconf 79' lang='grc' dir='ltr'><strong><em>πεζῃ,</em></strong></span> <span class='ocrx_word' id='word_1_90' title='bbox 1818 628 1992 684; x_wconf 84' lang='grc' dir='ltr'><strong><em>μακράν,</em></strong></span> <span class='ocrx_word' id='word_1_91' title='bbox 2023 628 2209 682; x_wconf 81' lang='grc' dir='ltr'><strong><em>πλησίον,</em></strong></span> 
     </span>
     <span class='ocr_line' id='line_1_9' title="bbox 167 690 2211 749; baseline 0 -16"><span class='ocrx_word' id='word_1_92' title='bbox 167 691 360 749; x_wconf 77' lang='grc' dir='ltr'><strong><em>σήμερον,</em></strong></span> <span class='ocrx_word' id='word_1_93' title='bbox 385 693 544 748; x_wconf 74' lang='lat' dir='ltr'>procul,</span> <span class='ocrx_word' id='word_1_94' title='bbox 568 693 771 748; x_wconf 69' lang='lat' dir='ltr'>privatim,</span> <span class='ocrx_word' id='word_1_95' title='bbox 797 693 987 746; x_wconf 75' lang='lat' dir='ltr'><strong><em>pedatim,</em></strong></span> <span class='ocrx_word' id='word_1_96' title='bbox 1015 699 1244 744; x_wconf 78' lang='lat' dir='ltr'>retroream,</span> <span class='ocrx_word' id='word_1_97' title='bbox 1268 690 1398 747; x_wconf 72' lang='lat' dir='ltr'>foras,</span> <span class='ocrx_word' id='word_1_98' title='bbox 1429 697 1542 732; x_wconf 75' lang='lat' dir='ltr'>extra</span> <span class='ocrx_word' id='word_1_99' title='bbox 1549 721 1563 743; x_wconf 92' lang='lat'>,</span> <span class='ocrx_word' id='word_1_100' title='bbox 1595 693 1723 744; x_wconf 78' lang='lat' dir='ltr'>intra,</span> <span class='ocrx_word' id='word_1_101' title='bbox 1752 709 1897 749; x_wconf 73' lang='lat' dir='ltr'>supra,</span> <span class='ocrx_word' id='word_1_102' title='bbox 1927 692 2059 749; x_wconf 78' lang='lat' dir='ltr'>infra,</span> <span class='ocrx_word' id='word_1_103' title='bbox 2087 693 2211 744; x_wconf 64' lang='lat' dir='ltr'>awa,</span> 
     </span>
     <span class='ocr_line' id='line_1_10' title="bbox 161 757 2211 814; baseline 0 -16"><span class='ocrx_word' id='word_1_104' title='bbox 161 758 298 812; x_wconf 69' lang='lat' dir='ltr'>iaxta,-</span> <span class='ocrx_word' id='word_1_105' title='bbox 320 759 473 811; x_wconf 70' lang='lat' dir='ltr'>sabao,</span> <span class='ocrx_word' id='word_1_106' title='bbox 492 764 666 814; x_wconf 78' lang='lat' dir='ltr'>repente,</span> <span class='ocrx_word' id='word_1_107' title='bbox 692 757 831 811; x_wconf 73' lang='lat' dir='ltr'>hodie3</span> <span class='ocrx_word' id='word_1_108' title='bbox 870 760 910 797; x_wconf 89' lang='lat' dir='ltr'>in</span> <span class='ocrx_word' id='word_1_109' title='bbox 940 758 1027 807; x_wconf 84' lang='lat' dir='ltr'>his,</span> <span class='ocrx_word' id='word_1_110' title='bbox 1057 759 1230 810; x_wconf 81' lang='lat' dir='ltr'>propriis</span> <span class='ocrx_word' id='word_1_111' title='bbox 1261 759 1414 796; x_wconf 83' lang='lat' dir='ltr'>scilicet</span> <span class='ocrx_word' id='word_1_112' title='bbox 1442 760 1830 810; x_wconf 84' lang='lat' dir='ltr'>praepositionibus,</span> <span class='ocrx_word' id='word_1_113' title='bbox 1870 763 1949 800; x_wconf 73' lang='lat' dir='ltr'>tale</span> <span class='ocrx_word' id='word_1_114' title='bbox 1977 761 2078 812; x_wconf 84' lang='lat' dir='ltr'>quid</span> <span class='ocrx_word' id='word_1_115' title='bbox 2107 773 2211 813; x_wconf 79' lang='lat' dir='ltr'>cog-</span> 
     </span>
     <span class='ocr_line' id='line_1_11' title="bbox 167 823 2211 877; baseline 0 -15"><span class='ocrx_word' id='word_1_116' title='bbox 167 825 278 864; x_wconf 81' lang='lat' dir='ltr'>nosci</span> <span class='ocrx_word' id='word_1_117' title='bbox 310 838 388 863; x_wconf 91' lang='lat' dir='ltr'>uon</span> <span class='ocrx_word' id='word_1_118' title='bbox 414 827 543 877; x_wconf 79' lang='lat' dir='ltr'>possit</span> <span class='ocrx_word' id='word_1_119' title='bbox 571 823 788 875; x_wconf 78' lang='lat' dir='ltr'>(frequenti</span> <span class='ocrx_word' id='word_1_120' title='bbox 817 825 921 863; x_wconf 89' lang='lat' dir='ltr'>enim</span> <span class='ocrx_word' id='word_1_121' title='bbox 951 836 1025 861; x_wconf 83' lang='lat' dir='ltr'>usu</span> <span class='ocrx_word' id='word_1_122' title='bbox 1054 835 1169 862; x_wconf 88' lang='lat' dir='ltr'>casus</span> <span class='ocrx_word' id='word_1_123' title='bbox 1197 825 1257 862; x_wconf 83' lang='lat' dir='ltr'>ini</span> <span class='ocrx_word' id='word_1_124' title='bbox 1288 824 1369 861; x_wconf 82' lang='lat' dir='ltr'>sive</span> <span class='ocrx_word' id='word_1_125' title='bbox 1393 824 1595 872; x_wconf 81' lang='lat' dir='ltr'>flexiones,</span> <span class='ocrx_word' id='word_1_126' title='bbox 1632 826 1776 874; x_wconf 89' lang='lat' dir='ltr'>quibus</span> <span class='ocrx_word' id='word_1_127' title='bbox 1807 834 1919 866; x_wconf 86' lang='lat' dir='ltr'>antea</span> <span class='ocrx_word' id='word_1_128' title='bbox 1950 827 2112 865; x_wconf 88' lang='lat' dir='ltr'>interior</span> <span class='ocrx_word' id='word_1_129' title='bbox 2140 839 2211 864; x_wconf 83' lang='lat' dir='ltr'>ea-</span> 
     </span>
     <span class='ocr_line' id='line_1_12' title="bbox 168 888 2211 942; baseline 0 -14"><span class='ocrx_word' id='word_1_130' title='bbox 168 902 256 928; x_wconf 88' lang='lat' dir='ltr'>rum</span> <span class='ocrx_word' id='word_1_131' title='bbox 285 889 517 942; x_wconf 83' lang='lat' dir='ltr'>conjunctio</span> <span class='ocrx_word' id='word_1_132' title='bbox 545 889 638 929; x_wconf 88' lang='lat' dir='ltr'>cum</span> <span class='ocrx_word' id='word_1_133' title='bbox 659 891 798 929; x_wconf 82' lang='lat' dir='ltr'>ceteris</span> <span class='ocrx_word' id='word_1_134' title='bbox 828 891 1043 929; x_wconf 85' lang='lat' dir='ltr'>sententiae</span> <span class='ocrx_word' id='word_1_135' title='bbox 1065 888 1277 941; x_wconf 84' lang='lat' dir='ltr'>cujusdam</span> <span class='ocrx_word' id='word_1_136' title='bbox 1301 890 1480 940; x_wconf 87' lang='lat' dir='ltr'>partibus</span> <span class='ocrx_word' id='word_1_137' title='bbox 1502 889 1656 928; x_wconf 80' lang='lat' dir='ltr'>solebat</span> <span class='ocrx_word' id='word_1_138' title='bbox 1674 891 1855 941; x_wconf 80' lang='lat' dir='ltr'>indicari,</span> <span class='ocrx_word' id='word_1_139' title='bbox 1884 892 2054 930; x_wconf 78' lang='lat' dir='ltr'>abstrusi</span> <span class='ocrx_word' id='word_1_140' title='bbox 2077 895 2211 936; x_wconf 81' lang='lat' dir='ltr'>sunt);</span> 
     </span>
     <span class='ocr_line' id='line_1_13' title="bbox 168 953 2211 1011; baseline 0 -18"><span class='ocrx_word' id='word_1_141' title='bbox 168 955 342 1006; x_wconf 87' lang='lat' dir='ltr'>denique</span> <span class='ocrx_word' id='word_1_142' title='bbox 381 961 424 993; x_wconf 89' lang='lat' dir='ltr'>ut</span> <span class='ocrx_word' id='word_1_143' title='bbox 459 954 649 994; x_wconf 83' lang='lat' dir='ltr'>adverbia</span> <span class='ocrx_word' id='word_1_144' title='bbox 682 962 873 1006; x_wconf 75' lang='lat' dir='ltr'>tanquam</span> <span class='ocrx_word' id='word_1_145' title='bbox 912 955 972 993; x_wconf 84' lang='lat' dir='ltr'>sui</span> <span class='ocrx_word' id='word_1_146' title='bbox 1001 953 1107 1005; x_wconf 88' lang='lat' dir='ltr'>juris</span> <span class='ocrx_word' id='word_1_147' title='bbox 1141 966 1259 992; x_wconf 82' lang='lat' dir='ltr'>voces</span> <span class='ocrx_word' id='word_1_148' title='bbox 1296 955 1425 1008; x_wconf 84' lang='lat' dir='ltr'>magis</span> <span class='ocrx_word' id='word_1_149' title='bbox 1466 956 1677 995; x_wconf 79' lang='lat' dir='ltr'>retinerent</span> <span class='ocrx_word' id='word_1_150' title='bbox 1715 970 1825 996; x_wconf 89' lang='lat' dir='ltr'>suam</span> <span class='ocrx_word' id='word_1_151' title='bbox 1863 957 2211 1011; x_wconf 80' lang='lat' dir='ltr'>significationem,</span> 
     </span>
     <span class='ocr_line' id='line_1_14' title="bbox 169 1019 2002 1075; baseline 0.002 -17"><span class='ocrx_word' id='word_1_152' title='bbox 169 1032 288 1071; x_wconf 79' lang='lat' dir='ltr'>quam</span> <span class='ocrx_word' id='word_1_153' title='bbox 318 1019 646 1072; x_wconf 73' lang='lat' dir='ltr'>praepositiones,</span> <span class='ocrx_word' id='word_1_154' title='bbox 676 1035 778 1072; x_wconf 90' lang='lat' dir='ltr'>quae</span> <span class='ocrx_word' id='word_1_155' title='bbox 806 1028 882 1072; x_wconf 86' lang='lat' dir='ltr'>pro</span> <span class='ocrx_word' id='word_1_156' title='bbox 909 1032 983 1058; x_wconf 88' lang='lat' dir='ltr'>usu</span> <span class='ocrx_word' id='word_1_157' title='bbox 1011 1019 1170 1056; x_wconf 85' lang='lat' dir='ltr'>diverso</span> <span class='ocrx_word' id='word_1_158' title='bbox 1199 1019 1238 1056; x_wconf 90' lang='lat' dir='ltr'>in</span> <span class='ocrx_word' id='word_1_159' title='bbox 1265 1019 1440 1058; x_wconf 86' lang='lat' dir='ltr'>diversas</span> <span class='ocrx_word' id='word_1_160' title='bbox 1466 1021 1647 1059; x_wconf 85' lang='lat' dir='ltr'>abierunt</span> <span class='ocrx_word' id='word_1_161' title='bbox 1675 1022 2002 1075; x_wconf 79' lang='lat' dir='ltr'>significationes.</span> 
     </span>
    </p>

    <p class='ocr_par' dir='ltr' id='par_1_3' title="bbox 167 1082 2212 2247">
     <span class='ocr_line' id='line_1_15' title="bbox 286 1082 2211 1139; baseline -0.001 -16"><span class='ocrx_word' id='word_1_162' title='bbox 286 1084 465 1124; x_wconf 86' lang='lat' dir='ltr'>Primum</span> <span class='ocrx_word' id='word_1_163' title='bbox 492 1085 628 1138; x_wconf 83' lang='lat' dir='ltr'>igitur,</span> <span class='ocrx_word' id='word_1_164' title='bbox 650 1093 693 1126; x_wconf 91' lang='lat' dir='ltr'>ut</span> <span class='ocrx_word' id='word_1_165' title='bbox 722 1100 843 1139; x_wconf 83' lang='lat' dir='ltr'>supra</span> <span class='ocrx_word' id='word_1_166' title='bbox 872 1085 968 1132; x_wconf 83' lang='lat' dir='ltr'>dixi,</span> <span class='ocrx_word' id='word_1_167' title='bbox 997 1082 1313 1135; x_wconf 83' lang='lat' dir='ltr'>praepositiones</span> <span class='ocrx_word' id='word_1_168' title='bbox 1344 1084 1640 1124; x_wconf 83' lang='lat' dir='ltr'>adhibebantur</span> <span class='ocrx_word' id='word_1_169' title='bbox 1667 1087 1718 1124; x_wconf 89' lang='lat' dir='ltr'>ad</span> <span class='ocrx_word' id='word_1_170' title='bbox 1749 1093 1871 1125; x_wconf 86' lang='lat' dir='ltr'>status</span> <span class='ocrx_word' id='word_1_171' title='bbox 1902 1086 2100 1138; x_wconf 84' lang='lat' dir='ltr'>quosdam</span> <span class='ocrx_word' id='word_1_172' title='bbox 2131 1084 2211 1122; x_wconf 84' lang='lat' dir='ltr'>loci</span> 
     </span>
     <span class='ocr_line' id='line_1_16' title="bbox 167 1148 2211 1202; baseline -0.001 -12"><span class='ocrx_word' id='word_1_173' title='bbox 167 1150 298 1190; x_wconf 85' lang='lat' dir='ltr'>verbis</span> <span class='ocrx_word' id='word_1_174' title='bbox 336 1151 607 1190; x_wconf 84' lang='lat' dir='ltr'>declarandos.</span> <span class='ocrx_word' id='word_1_175' title='bbox 679 1152 768 1191; x_wconf 89' lang='lat' dir='ltr'>Hac</span> <span class='ocrx_word' id='word_1_176' title='bbox 790 1152 846 1190; x_wconf 66' lang='lat' dir='ltr'>=in</span> <span class='ocrx_word' id='word_1_177' title='bbox 885 1148 1177 1202; x_wconf 81' lang='lat' dir='ltr'>significatione</span> <span class='ocrx_word' id='word_1_178' title='bbox 1211 1149 1393 1199; x_wconf 84' lang='lat' dir='ltr'>proxime</span> <span class='ocrx_word' id='word_1_179' title='bbox 1432 1151 1628 1189; x_wconf 90' lang='lat' dir='ltr'>accedunt</span> <span class='ocrx_word' id='word_1_180' title='bbox 1655 1152 1706 1189; x_wconf 88' lang='lat' dir='ltr'>ad</span> <span class='ocrx_word' id='word_1_181' title='bbox 1737 1152 1948 1198; x_wconf 83' lang='lat' dir='ltr'>adverbia,</span> <span class='ocrx_word' id='word_1_182' title='bbox 1985 1165 2034 1190; x_wconf 86' lang='lat' dir='ltr'>ex</span> <span class='ocrx_word' id='word_1_183' title='bbox 2064 1151 2211 1201; x_wconf 82' lang='lat' dir='ltr'>quibus</span> 
     </span>
     <span class='ocr_line' id='line_1_17' title="bbox 169 1214 2211 1268; baseline -0 -13"><span class='ocrx_word' id='word_1_184' title='bbox 169 1222 260 1255; x_wconf 67' lang='lat' dir='ltr'>eunt</span> <span class='ocrx_word' id='word_1_185' title='bbox 286 1222 407 1255; x_wconf 85' lang='lat' dir='ltr'>ortae</span> <span class='ocrx_word' id='word_1_186' title='bbox 466 1216 575 1254; x_wconf 89' lang='lat' dir='ltr'>Tum</span> <span class='ocrx_word' id='word_1_187' title='bbox 605 1217 700 1266; x_wconf 91' lang='lat' dir='ltr'>quia</span> <span class='ocrx_word' id='word_1_188' title='bbox 728 1222 886 1267; x_wconf 86' lang='lat' dir='ltr'>tempus</span> <span class='ocrx_word' id='word_1_189' title='bbox 916 1227 1008 1253; x_wconf 91' lang='lat' dir='ltr'>cum</span> <span class='ocrx_word' id='word_1_190' title='bbox 1037 1215 1169 1265; x_wconf 87' lang='lat' dir='ltr'>spatio</span> <span class='ocrx_word' id='word_1_191' title='bbox 1197 1214 1341 1252; x_wconf 87' lang='lat' dir='ltr'>multas</span> <span class='ocrx_word' id='word_1_192' title='bbox 1370 1215 1493 1254; x_wconf 84' lang='lat' dir='ltr'>habet</span> <span class='ocrx_word' id='word_1_193' title='bbox 1522 1217 1757 1266; x_wconf 81' lang='lat' dir='ltr'>affinitates,</span> <span class='ocrx_word' id='word_1_194' title='bbox 1793 1218 1846 1255; x_wconf 89' lang='lat' dir='ltr'>ad</span> <span class='ocrx_word' id='word_1_195' title='bbox 1883 1225 2042 1268; x_wconf 87' lang='lat' dir='ltr'>tempus</span> <span class='ocrx_word' id='word_1_196' title='bbox 2081 1224 2211 1255; x_wconf 86' lang='lat' dir='ltr'>trans-</span> 
     </span>
     <span class='ocr_line' id='line_1_18' title="bbox 167 1276 2211 1338; baseline 0.001 -20"><span class='ocrx_word' id='word_1_197' title='bbox 167 1280 603 1338; x_wconf 78' lang='lat' dir='ltr'>ferebantur.1taque</span> <span class='ocrx_word' id='word_1_198' title='bbox 631 1288 670 1320; x_wconf 89' lang='lat' dir='ltr'>et</span> <span class='ocrx_word' id='word_1_199' title='bbox 699 1280 780 1322; x_wconf 77' lang='grc' dir='ltr'><strong><em>ἀπὸ</em></strong></span> <span class='ocrx_word' id='word_1_200' title='bbox 809 1283 886 1333; x_wconf 80' lang='grc' dir='ltr'>τῆς</span> <span class='ocrx_word' id='word_1_201' title='bbox 912 1277 1064 1326; x_wconf 84' lang='grc' dir='ltr'><strong><em>πόλεως</em></strong></span> <span class='ocrx_word' id='word_1_202' title='bbox 1093 1276 1274 1325; x_wconf 80' lang='grc' dir='ltr'><strong><em>ἀπιέναι,</em></strong></span> <span class='ocrx_word' id='word_1_203' title='bbox 1315 1278 1365 1316; x_wconf 81' lang='lat' dir='ltr'>ab</span> <span class='ocrx_word' id='word_1_204' title='bbox 1392 1279 1490 1318; x_wconf 81' lang='lat' dir='ltr'>urbe</span> <span class='ocrx_word' id='word_1_205' title='bbox 1518 1281 1742 1331; x_wconf 75' lang='lat' dir='ltr'>discedere,</span> <span class='ocrx_word' id='word_1_206' title='bbox 1781 1288 1819 1320; x_wconf 89' lang='lat' dir='ltr'>et</span> <span class='ocrx_word' id='word_1_207' title='bbox 1849 1281 1934 1321; x_wconf 84' lang='grc' dir='ltr'><strong><em>οἷπὸ</em></strong></span> <span class='ocrx_word' id='word_1_208' title='bbox 1963 1280 2111 1329; x_wconf 78' lang='grc' dir='ltr'><strong><em>παιόὸς</em></strong></span> <span class='ocrx_word' id='word_1_209' title='bbox 2141 1278 2211 1332; x_wconf 78' lang='grc' dir='ltr'><strong><em>ἅρ-</em></strong></span> 
     </span>
     <span class='ocr_line' id='line_1_19' title="bbox 168 1341 2212 1401; baseline -0 -17"><span class='ocrx_word' id='word_1_210' title='bbox 168 1345 339 1393; x_wconf 72' lang='grc' dir='ltr'><strong><em>ξασθαι,</em></strong></span> <span class='ocrx_word' id='word_1_211' title='bbox 357 1359 382 1383; x_wconf 89' lang='lat' dir='ltr'>a</span> <span class='ocrx_word' id='word_1_212' title='bbox 395 1357 538 1397; x_wconf 82' lang='lat' dir='ltr'>puero,</span> <span class='ocrx_word' id='word_1_213' title='bbox 567 1359 593 1383; x_wconf 89' lang='lat' dir='ltr'>a</span> <span class='ocrx_word' id='word_1_214' title='bbox 612 1356 746 1398; x_wconf 76' lang='lat' dir='ltr'>parvo</span> <span class='ocrx_word' id='word_1_215' title='bbox 765 1345 916 1385; x_wconf 73' lang='lat' dir='ltr'>initiam</span> <span class='ocrx_word' id='word_1_216' title='bbox 931 1342 1092 1398; x_wconf 78' lang='lat' dir='ltr'>facere3</span> <span class='ocrx_word' id='word_1_217' title='bbox 1121 1342 1186 1382; x_wconf 76' lang='grc' dir='ltr'><strong><em>ἐπὶ</em></strong></span> <span class='ocrx_word' id='word_1_218' title='bbox 1203 1341 1415 1395; x_wconf 79' lang='grc' dir='ltr'><strong><em>Σάρδεων,</em></strong></span> <span class='ocrx_word' id='word_1_219' title='bbox 1444 1345 1509 1384; x_wconf 84' lang='grc' dir='ltr'><strong><em>επὶ</em></strong></span> <span class='ocrx_word' id='word_1_220' title='bbox 1526 1345 1708 1398; x_wconf 78' lang='grc' dir='ltr'><strong><em>Σάρδεις</em></strong></span> <span class='ocrx_word' id='word_1_221' title='bbox 1737 1346 1889 1399; x_wconf 82' lang='grc' dir='ltr'><strong><em>φεύγει,</em></strong></span> <span class='ocrx_word' id='word_1_222' title='bbox 1915 1345 2069 1386; x_wconf 71' lang='lat' dir='ltr'>Sardes</span> <span class='ocrx_word' id='word_1_223' title='bbox 2092 1344 2212 1401; x_wconf 62' lang='lat' dir='ltr'>sapit,</span> 
     </span>
     <span class='ocr_line' id='line_1_20' title="bbox 169 1406 2211 1464; baseline 0 -16"><span class='ocrx_word' id='word_1_224' title='bbox 169 1415 208 1448; x_wconf 89' lang='lat' dir='ltr'>et</span> <span class='ocrx_word' id='word_1_225' title='bbox 235 1412 369 1449; x_wconf 83' lang='grc' dir='ltr'><strong><em>ταῦτα</em></strong></span> <span class='ocrx_word' id='word_1_226' title='bbox 398 1408 461 1449; x_wconf 80' lang='grc' dir='ltr'><strong><em>ἐπὶ</em></strong></span> <span class='ocrx_word' id='word_1_227' title='bbox 490 1408 631 1463; x_wconf 79' lang='grc' dir='ltr'><strong><em>Κύρου</em></strong></span> <span class='ocrx_word' id='word_1_228' title='bbox 658 1411 833 1460; x_wconf 73' lang='grc' dir='ltr'><strong><em>ἐγένετο,</em></strong></span> <span class='ocrx_word' id='word_1_229' title='bbox 863 1408 958 1448; x_wconf 76' lang='lat' dir='ltr'>haec</span> <span class='ocrx_word' id='word_1_230' title='bbox 990 1406 1095 1463; x_wconf 78' lang='lat' dir='ltr'>Cyro</span> <span class='ocrx_word' id='word_1_231' title='bbox 1123 1413 1312 1464; x_wconf 77' lang='lat' dir='ltr'>requante</span> <span class='ocrx_word' id='word_1_232' title='bbox 1340 1414 1431 1448; x_wconf 76' lang='lat' dir='ltr'>sune</span> <span class='ocrx_word' id='word_1_233' title='bbox 1454 1408 1589 1464; x_wconf 71' lang='grc' dir='ltr'><strong><em>[αι-ια,</em></strong></span> <span class='ocrx_word' id='word_1_234' title='bbox 1629 1410 1692 1450; x_wconf 76' lang='grc' dir='ltr'><strong><em>ἐπὶ</em></strong></span> <span class='ocrx_word' id='word_1_235' title='bbox 1721 1410 1819 1460; x_wconf 82' lang='grc' dir='ltr'><strong><em>τούς</em></strong></span> <span class='ocrx_word' id='word_1_236' title='bbox 1847 1412 1925 1450; x_wconf 87' lang='grc' dir='ltr'>πολ</span> <span class='ocrx_word' id='word_1_237' title='bbox 1928 1411 2062 1462; x_wconf 67' lang='grc' dir='ltr'><strong><em>εμίους</em></strong></span> <span class='ocrx_word' id='word_1_238' title='bbox 2090 1423 2211 1461; x_wconf 85' lang='grc' dir='ltr'><strong><em>στρα-</em></strong></span> 
     </span>
     <span class='ocr_line' id='line_1_21' title="bbox 167 1473 2211 1530; baseline 0 -17"><span class='ocrx_word' id='word_1_239' title='bbox 167 1473 393 1523; x_wconf 76' lang='grc' dir='ltr'><strong><em>τεύεσθαι,</em></strong></span> <span class='ocrx_word' id='word_1_240' title='bbox 423 1480 559 1514; x_wconf 81' lang='lat' dir='ltr'>contra</span> <span class='ocrx_word' id='word_1_241' title='bbox 586 1475 716 1515; x_wconf 75' lang='lat' dir='ltr'>hostes</span> <span class='ocrx_word' id='word_1_242' title='bbox 740 1474 949 1530; x_wconf 73' lang='lat' dir='ltr'>proficisci,</span> <span class='ocrx_word' id='word_1_243' title='bbox 983 1482 1022 1513; x_wconf 87' lang='lat' dir='ltr'>et</span> <span class='ocrx_word' id='word_1_244' title='bbox 1049 1474 1115 1513; x_wconf 78' lang='grc' dir='ltr'><strong><em>ἐπί</em></strong></span> <span class='ocrx_word' id='word_1_245' title='bbox 1142 1474 1373 1528; x_wconf 75' lang='grc' dir='ltr'><strong><em>ἀνθρώπων</em></strong></span> <span class='ocrx_word' id='word_1_246' title='bbox 1401 1475 1557 1525; x_wconf 74' lang='grc' dir='ltr'><strong><em>γενεάν,</em></strong></span> <span class='ocrx_word' id='word_1_247' title='bbox 1595 1476 1637 1514; x_wconf 81' lang='lat' dir='ltr'>in</span> <span class='ocrx_word' id='word_1_248' title='bbox 1665 1475 1861 1515; x_wconf 78' lang='grc' dir='ltr'><strong><em>Ιιοηιὶηιιηι</em></strong></span> <span class='ocrx_word' id='word_1_249' title='bbox 1890 1481 2067 1525; x_wconf 80' lang='lat' dir='ltr'>aetatem,</span> <span class='ocrx_word' id='word_1_250' title='bbox 2097 1477 2211 1514; x_wconf 91' lang='lat' dir='ltr'>dice-</span> 
     </span>
     <span class='ocr_line' id='line_1_22' title="bbox 169 1530 2212 1595; baseline 0.001 -16"><span class='ocrx_word' id='word_1_251' title='bbox 169 1541 300 1581; x_wconf 81' lang='lat' dir='ltr'>batur.</span> <span class='ocrx_word' id='word_1_252' title='bbox 357 1542 411 1581; x_wconf 82' lang='lat' dir='ltr'>Et</span> <span class='ocrx_word' id='word_1_253' title='bbox 439 1542 494 1581; x_wconf 89' lang='lat' dir='ltr'>ita</span> <span class='ocrx_word' id='word_1_254' title='bbox 525 1530 737 1594; x_wconf 81' lang='lat' dir='ltr'>usurpatae</span> <span class='ocrx_word' id='word_1_255' title='bbox 766 1554 842 1580; x_wconf 90' lang='lat' dir='ltr'>non</span> <span class='ocrx_word' id='word_1_256' title='bbox 874 1540 1042 1579; x_wconf 79' lang='lat' dir='ltr'>multum</span> <span class='ocrx_word' id='word_1_257' title='bbox 1072 1541 1364 1595; x_wconf 80' lang='lat' dir='ltr'>significatione</span> <span class='ocrx_word' id='word_1_258' title='bbox 1395 1543 1495 1582; x_wconf 86' lang='lat' dir='ltr'>inter</span> <span class='ocrx_word' id='word_1_259' title='bbox 1524 1557 1564 1582; x_wconf 89' lang='lat' dir='ltr'>se</span> <span class='ocrx_word' id='word_1_260' title='bbox 1594 1532 1792 1582; x_wconf 82' lang='lat' dir='ltr'>differunt.</span> <span class='ocrx_word' id='word_1_261' title='bbox 1852 1543 2035 1594; x_wconf 85' lang='lat' dir='ltr'>Denique</span> <span class='ocrx_word' id='word_1_262' title='bbox 2064 1543 2118 1581; x_wconf 89' lang='lat' dir='ltr'>ad</span> <span class='ocrx_word' id='word_1_263' title='bbox 2147 1543 2212 1581; x_wconf 90' lang='lat' dir='ltr'>iu-</span> 
     </span>
     <span class='ocr_line' id='line_1_23' title="bbox 169 1602 2212 1659; baseline 0.001 -16"><span class='ocrx_word' id='word_1_264' title='bbox 169 1605 361 1644; x_wconf 88' lang='lat' dir='ltr'>dicandas</span> <span class='ocrx_word' id='word_1_265' title='bbox 391 1602 519 1646; x_wconf 82' lang='lat' dir='ltr'>rerum</span> <span class='ocrx_word' id='word_1_266' title='bbox 550 1620 689 1646; x_wconf 82' lang='lat' dir='ltr'>causas</span> <span class='ocrx_word' id='word_1_267' title='bbox 720 1607 816 1645; x_wconf 81' lang='lat' dir='ltr'>alias</span> <span class='ocrx_word' id='word_1_268' title='bbox 847 1619 894 1644; x_wconf 87' lang='lat' dir='ltr'>ex</span> <span class='ocrx_word' id='word_1_269' title='bbox 927 1607 1014 1644; x_wconf 90' lang='lat' dir='ltr'>aliis</span> <span class='ocrx_word' id='word_1_270' title='bbox 1044 1614 1170 1658; x_wconf 87' lang='lat' dir='ltr'>aptas,</span> <span class='ocrx_word' id='word_1_271' title='bbox 1201 1608 1253 1646; x_wconf 90' lang='lat' dir='ltr'>ad</span> <span class='ocrx_word' id='word_1_272' title='bbox 1274 1608 1558 1647; x_wconf 83' lang='lat' dir='ltr'>ostendendam</span> <span class='ocrx_word' id='word_1_273' title='bbox 1580 1609 1767 1647; x_wconf 87' lang='lat' dir='ltr'>rationem</span> <span class='ocrx_word' id='word_1_274' title='bbox 1795 1609 1980 1659; x_wconf 82' lang='lat' dir='ltr'>viamque</span> <span class='ocrx_word' id='word_1_275' title='bbox 1998 1615 2038 1647; x_wconf 88' lang='lat' dir='ltr'>et</span> <span class='ocrx_word' id='word_1_276' title='bbox 2059 1614 2212 1655; x_wconf 81' lang='lat' dir='ltr'>ceteras</span> 
     </span>
     <span class='ocr_line' id='line_1_24' title="bbox 169 1671 2211 1729; baseline 0.001 -20"><span class='ocrx_word' id='word_1_277' title='bbox 169 1672 377 1711; x_wconf 81' lang='lat' dir='ltr'>relationes</span> <span class='ocrx_word' id='word_1_278' title='bbox 415 1673 728 1720; x_wconf 79' lang='lat' dir='ltr'>adhibebantur,</span> <span class='ocrx_word' id='word_1_279' title='bbox 767 1679 811 1710; x_wconf 89' lang='lat' dir='ltr'>ut</span> <span class='ocrx_word' id='word_1_280' title='bbox 851 1671 909 1719; x_wconf 85' lang='grc' dir='ltr'>εἰς</span> <span class='ocrx_word' id='word_1_281' title='bbox 936 1671 1088 1720; x_wconf 82' lang='grc' dir='ltr'><strong><em>ὀλίγους</em></strong></span> <span class='ocrx_word' id='word_1_282' title='bbox 1114 1674 1268 1724; x_wconf 86' lang='grc' dir='ltr'><strong><em>μᾶλλον</em></strong></span> <span class='ocrx_word' id='word_1_283' title='bbox 1295 1672 1372 1722; x_wconf 72' lang='grc' dir='ltr'>’τὰς</span> <span class='ocrx_word' id='word_1_284' title='bbox 1401 1672 1532 1727; x_wconf 73' lang='grc' dir='ltr'><strong><em>ἀρχὰς</em></strong></span> <span class='ocrx_word' id='word_1_285' title='bbox 1560 1679 1712 1722; x_wconf 83' lang='grc' dir='ltr'><strong><em>ποιεῖν,</em></strong></span> <span class='ocrx_word' id='word_1_286' title='bbox 1749 1674 2002 1729; x_wconf 61' lang='lat' dir='ltr'>magistratus</span> <span class='ocrx_word' id='word_1_287' title='bbox 2030 1673 2087 1712; x_wconf 87' lang='lat' dir='ltr'>ad</span> <span class='ocrx_word' id='word_1_288' title='bbox 2110 1687 2211 1726; x_wconf 82' lang='lat' dir='ltr'>pau-</span> 
     </span>
     <span class='ocr_line' id='line_1_25' title="bbox 169 1735 2212 1793; baseline 0.001 -17"><span class='ocrx_word' id='word_1_289' title='bbox 169 1737 293 1776; x_wconf 78' lang='lat' dir='ltr'>ciores</span> <span class='ocrx_word' id='word_1_290' title='bbox 321 1736 492 1791; x_wconf 75' lang='lat' dir='ltr'>deferre,</span> <span class='ocrx_word' id='word_1_291' title='bbox 522 1740 578 1787; x_wconf 86' lang='grc' dir='ltr'>εἰς</span> <span class='ocrx_word' id='word_1_292' title='bbox 606 1736 706 1778; x_wconf 79' lang='grc' dir='ltr'><strong><em>αὐτὸ</em></strong></span> <span class='ocrx_word' id='word_1_293' title='bbox 735 1738 783 1776; x_wconf 85' lang='grc' dir='ltr'>τὸ</span> <span class='ocrx_word' id='word_1_294' title='bbox 814 1735 979 1789; x_wconf 72' lang='grc' dir='ltr'><strong><em>πρᾶγμα</em></strong></span> <span class='ocrx_word' id='word_1_295' title='bbox 1010 1738 1147 1787; x_wconf 85' lang='grc' dir='ltr'><strong><em>εἰπεῖν,</em></strong></span> <span class='ocrx_word' id='word_1_296' title='bbox 1178 1741 1235 1788; x_wconf 79' lang='grc' dir='ltr'>ὲίς</span> <span class='ocrx_word' id='word_1_297' title='bbox 1261 1739 1300 1788; x_wconf 86' lang='grc' dir='ltr'><strong><em>ἅ,</em></strong></span> <span class='ocrx_word' id='word_1_298' title='bbox 1330 1740 1594 1793; x_wconf 72' lang='grc' dir='ltr'><strong><em>φιαηιυὸνειη,</em></strong></span> <span class='ocrx_word' id='word_1_299' title='bbox 1617 1739 1681 1779; x_wconf 74' lang='grc' dir='ltr'><strong><em>ἐπὶ</em></strong></span> <span class='ocrx_word' id='word_1_300' title='bbox 1711 1738 1827 1788; x_wconf 81' lang='grc' dir='ltr'><strong><em>ξύλον</em></strong></span> <span class='ocrx_word' id='word_1_301' title='bbox 1857 1741 1897 1788; x_wconf 66' lang='grc' dir='ltr'>ἐς</span> <span class='ocrx_word' id='word_1_302' title='bbox 1918 1738 2107 1792; x_wconf 69' lang='grc' dir='ltr'><strong><em>μηχανὰς</em></strong></span> <span class='ocrx_word' id='word_1_303' title='bbox 2135 1754 2212 1779; x_wconf 88' lang='grc' dir='ltr'><strong><em>πα-</em></strong></span> 
     </span>
     <span class='ocr_line' id='line_1_26' title="bbox 171 1801 2210 1858; baseline 0.001 -17"><span class='ocrx_word' id='word_1_304' title='bbox 171 1802 395 1856; x_wconf 63' lang='grc' dir='ltr'><strong><em>ραπέμπειν</em></strong></span> <span class='ocrx_word' id='word_1_305' title='bbox 422 1802 528 1852; x_wconf 87' lang='grc' dir='ltr'><strong><em>τινά,</em></strong></span> <span class='ocrx_word' id='word_1_306' title='bbox 549 1803 699 1842; x_wconf 80' lang='lat' dir='ltr'>mittere</span> <span class='ocrx_word' id='word_1_307' title='bbox 727 1801 782 1840; x_wconf 86' lang='lat' dir='ltr'>ad</span> <span class='ocrx_word' id='word_1_308' title='bbox 809 1803 1113 1855; x_wconf 77' lang='lat' dir='ltr'>comparandam</span> <span class='ocrx_word' id='word_1_309' title='bbox 1142 1804 1198 1842; x_wconf 82' lang='lat' dir='ltr'>ad</span> <span class='ocrx_word' id='word_1_310' title='bbox 1223 1804 1423 1844; x_wconf 77' lang='lat' dir='ltr'>machinas</span> <span class='ocrx_word' id='word_1_311' title='bbox 1448 1803 1656 1858; x_wconf 75' lang='lat' dir='ltr'>faciendas</span> <span class='ocrx_word' id='word_1_312' title='bbox 1683 1806 1900 1854; x_wconf 76' lang='lat' dir='ltr'>materiam,</span> <span class='ocrx_word' id='word_1_313' title='bbox 1931 1805 2013 1845; x_wconf 80' lang='grc' dir='ltr'><strong><em>ἀπὸ</em></strong></span> <span class='ocrx_word' id='word_1_314' title='bbox 2041 1809 2123 1844; x_wconf 79' lang='grc' dir='ltr'>τῶν</span> <span class='ocrx_word' id='word_1_315' title='bbox 2151 1807 2210 1844; x_wconf 81' lang='grc' dir='ltr'>ἑν-</span> 
     </span>
     <span class='ocr_line' id='line_1_27' title="bbox 175 1865 2212 1923; baseline 0.001 -18"><span class='ocrx_word' id='word_1_316' title='bbox 175 1865 364 1906; x_wconf 85' lang='grc' dir='ltr'><strong><em>σπὸνὸων</em></strong></span> <span class='ocrx_word' id='word_1_317' title='bbox 391 1866 506 1907; x_wconf 79' lang='grc' dir='ltr'><strong><em>ἔσται</em></strong></span> <span class='ocrx_word' id='word_1_318' title='bbox 527 1868 679 1921; x_wconf 64' lang='grc' dir='ltr'><strong><em>πληροῖ</em></strong></span> <span class='ocrx_word' id='word_1_319' title='bbox 682 1882 705 1906; x_wconf 96' lang='grc' dir='ltr'>ν</span> <span class='ocrx_word' id='word_1_320' title='bbox 724 1865 801 1916; x_wconf 83' lang='grc' dir='ltr'>τὰς</span> <span class='ocrx_word' id='word_1_321' title='bbox 829 1868 940 1915; x_wconf 80' lang='grc' dir='ltr'><strong><em>ναῦς,</em></strong></span> <span class='ocrx_word' id='word_1_322' title='bbox 962 1867 1282 1917; x_wconf 73' lang='lat' dir='ltr'>Thuc.‚classem</span> <span class='ocrx_word' id='word_1_323' title='bbox 1302 1870 1495 1908; x_wconf 74' lang='lat' dir='ltr'>instruere</span> <span class='ocrx_word' id='word_1_324' title='bbox 1522 1869 1651 1909; x_wconf 79' lang='lat' dir='ltr'>licebit</span> <span class='ocrx_word' id='word_1_325' title='bbox 1675 1883 1725 1909; x_wconf 77' lang='lat' dir='ltr'>ex</span> <span class='ocrx_word' id='word_1_326' title='bbox 1740 1869 1959 1923; x_wconf 76' lang='lat' dir='ltr'>foederatis</span> <span class='ocrx_word' id='word_1_327' title='bbox 1979 1870 2212 1919; x_wconf 77' lang='lat' dir='ltr'>civitatibus,</span> 
     </span>
     <span class='ocr_line' id='line_1_28' title="bbox 171 1930 2212 1986; baseline 0.001 -16"><span class='ocrx_word' id='word_1_328' title='bbox 171 1930 252 1970; x_wconf 81' lang='grc' dir='ltr'><strong><em>ἀπὸ</em></strong></span> <span class='ocrx_word' id='word_1_329' title='bbox 282 1931 497 1983; x_wconf 82' lang='grc' dir='ltr'><strong><em>στόιιατος,</em></strong></span> <span class='ocrx_word' id='word_1_330' title='bbox 528 1932 762 1981; x_wconf 78' lang='lat' dir='ltr'>memoriter,</span> <span class='ocrx_word' id='word_1_331' title='bbox 794 1932 868 1984; x_wconf 76' lang='grc' dir='ltr'>ζῆν</span> <span class='ocrx_word' id='word_1_332' title='bbox 897 1931 977 1971; x_wconf 79' lang='grc' dir='ltr'><strong><em>ἀπὸ</em></strong></span> <span class='ocrx_word' id='word_1_333' title='bbox 1006 1936 1087 1971; x_wconf 77' lang='grc' dir='ltr'>τῶν</span> <span class='ocrx_word' id='word_1_334' title='bbox 1116 1933 1295 1983; x_wconf 68' lang='grc' dir='ltr'><strong><em>ἰχθύων,</em></strong></span> <span class='ocrx_word' id='word_1_335' title='bbox 1321 1933 1495 1986; x_wconf 64' lang='lat' dir='ltr'>piscibus</span> <span class='ocrx_word' id='word_1_336' title='bbox 1542 1936 1662 1974; x_wconf 84' lang='lat' dir='ltr'>vitam</span> <span class='ocrx_word' id='word_1_337' title='bbox 1689 1942 1929 1984; x_wconf 64' lang='lat' dir='ltr'>sementare,</span> <span class='ocrx_word' id='word_1_338' title='bbox 1960 1949 2000 1974; x_wconf 66' lang='grc' dir='ltr'>εκ</span> <span class='ocrx_word' id='word_1_339' title='bbox 2030 1937 2105 1973; x_wconf 81' lang='grc' dir='ltr'><strong><em>τοῦ</em></strong></span> <span class='ocrx_word' id='word_1_340' title='bbox 2135 1938 2212 1973; x_wconf 79' lang='grc' dir='ltr'><strong><em>σοῦ</em></strong></span> 
     </span>
     <span class='ocr_line' id='line_1_29' title="bbox 170 1995 2209 2061; baseline 0.001 -25"><span class='ocrx_word' id='word_1_341' title='bbox 170 1995 341 2061; x_wconf 79' lang='grc' dir='ltr'><strong><em>τρόπου,</em></strong></span> <span class='ocrx_word' id='word_1_342' title='bbox 380 2011 402 2036; x_wconf 89' lang='lat' dir='ltr'>e</span> <span class='ocrx_word' id='word_1_343' title='bbox 429 2010 537 2036; x_wconf 85' lang='lat' dir='ltr'>more</span> <span class='ocrx_word' id='word_1_344' title='bbox 565 2002 652 2048; x_wconf 82' lang='lat' dir='ltr'>tuo,</span> <span class='ocrx_word' id='word_1_345' title='bbox 693 1996 831 2037; x_wconf 85' lang='grc' dir='ltr'><strong><em>πολλοὶ</em></strong></span> <span class='ocrx_word' id='word_1_346' title='bbox 860 1995 964 2036; x_wconf 82' lang='grc' dir='ltr'><strong><em>κατὰ</em></strong></span> <span class='ocrx_word' id='word_1_347' title='bbox 994 1996 1187 2051; x_wconf 77' lang='grc' dir='ltr'><strong><em>χρήματα</em></strong></span> <span class='ocrx_word' id='word_1_348' title='bbox 1217 1998 1458 2049; x_wconf 73' lang='grc' dir='ltr'><strong><em>δοξάζουσιν</em></strong></span> <span class='ocrx_word' id='word_1_349' title='bbox 1489 1997 1590 2040; x_wconf 75' lang='grc' dir='ltr'><strong><em>εἶναι</em></strong></span> <span class='ocrx_word' id='word_1_350' title='bbox 1621 2002 1675 2040; x_wconf 84' lang='grc' dir='ltr'><strong><em>πλ</em></strong></span> <span class='ocrx_word' id='word_1_351' title='bbox 1678 2000 1909 2052; x_wconf 72' lang='grc' dir='ltr'><strong><em>ουισιύτεροι</em></strong></span> <span class='ocrx_word' id='word_1_352' title='bbox 1939 2000 1967 2053; x_wconf 74' lang='grc' dir='ltr'>ιΙ</span> <span class='ocrx_word' id='word_1_353' title='bbox 1995 2002 2098 2039; x_wconf 84' lang='grc' dir='ltr'><strong><em>κατὰ</em></strong></span> <span class='ocrx_word' id='word_1_354' title='bbox 2129 1998 2209 2053; x_wconf 60' lang='grc' dir='ltr'>τὴν</span> 
     </span>
     <span class='ocr_line' id='line_1_30' title="bbox 169 2061 2209 2120; baseline 0.001 -20"><span class='ocrx_word' id='word_1_355' title='bbox 169 2066 322 2101; x_wconf 75' lang='grc' dir='ltr'><strong><em>ἑαυτῶν</em></strong></span> <span class='ocrx_word' id='word_1_356' title='bbox 352 2061 507 2110; x_wconf 69' lang='grc' dir='ltr'><strong><em>σι’σίαν,</em></strong></span> <span class='ocrx_word' id='word_1_357' title='bbox 537 2063 768 2101; x_wconf 77' lang='lat' dir='ltr'>sescundum</span> <span class='ocrx_word' id='word_1_358' title='bbox 793 2063 982 2115; x_wconf 76' lang='lat' dir='ltr'>pecunias·</span> <span class='ocrx_word' id='word_1_359' title='bbox 1009 2076 1052 2102; x_wconf 77' lang='lat' dir='ltr'>se</span> <span class='ocrx_word' id='word_1_360' title='bbox 1080 2064 1357 2118; x_wconf 72' lang='lat' dir='ltr'>opulentiores,</span> <span class='ocrx_word' id='word_1_361' title='bbox 1386 2079 1503 2120; x_wconf 81' lang='lat' dir='ltr'>qaam</span> <span class='ocrx_word' id='word_1_362' title='bbox 1533 2079 1674 2104; x_wconf 84' lang='lat' dir='ltr'>revera</span> <span class='ocrx_word' id='word_1_363' title='bbox 1702 2068 1801 2115; x_wconf 71' lang='lat' dir='ltr'>⁸1⁰,nt</span> <span class='ocrx_word' id='word_1_364' title='bbox 1832 2067 2063 2113; x_wconf 29' lang='lat' dir='ltr'>ewra-limant</span> <span class='ocrx_word' id='word_1_365' title='bbox 2103 2064 2209 2115; x_wconf 65' lang='lat' dir='ltr'>aava}</span> 
     </span>
     <span class='ocr_line' id='line_1_31' title="bbox 171 2124 2209 2186; baseline 0.001 -19"><span class='ocrx_word' id='word_1_366' title='bbox 171 2126 417 2182; x_wconf 76' lang='grc' dir='ltr'><strong><em>ἀκραιφνοῦς</em></strong></span> <span class='ocrx_word' id='word_1_367' title='bbox 444 2141 521 2181; x_wconf 78' lang='grc' dir='ltr'>της</span> <span class='ocrx_word' id='word_1_368' title='bbox 552 2127 778 2179; x_wconf 61' lang='grc' dir='ltr'><strong><em>ξυμμαχίας</em></strong></span> <span class='ocrx_word' id='word_1_369' title='bbox 807 2124 1014 2181; x_wconf 73' lang='grc' dir='ltr'><strong><em>η’νθησαν,</em></strong></span> <span class='ocrx_word' id='word_1_370' title='bbox 1044 2143 1130 2169; x_wconf 71' lang='lat' dir='ltr'>ctam</span> <span class='ocrx_word' id='word_1_371' title='bbox 1159 2131 1311 2186; x_wconf 75' lang='lat' dir='ltr'>inteqra</span> <span class='ocrx_word' id='word_1_372' title='bbox 1342 2132 1522 2171; x_wconf 80' lang='lat' dir='ltr'>societate</span> <span class='ocrx_word' id='word_1_373' title='bbox 1546 2131 1781 2186; x_wconf 78' lang='lat' dir='ltr'>floruerant,</span> <span class='ocrx_word' id='word_1_374' title='bbox 1813 2128 1929 2185; x_wconf 67' lang='grc' dir='ltr'><strong><em>ᾄδειν</em></strong></span> <span class='ocrx_word' id='word_1_375' title='bbox 1956 2133 2057 2184; x_wconf 84' lang='grc' dir='ltr'><strong><em>πρὸς</em></strong></span> <span class='ocrx_word' id='word_1_376' title='bbox 2086 2130 2209 2170; x_wconf 76' lang='grc' dir='ltr'><strong><em>κιθά-</em></strong></span> 
     </span>
     <span class='ocr_line' id='line_1_32' title="bbox 171 2192 825 2247; baseline -0.003 -15"><span class='ocrx_word' id='word_1_377' title='bbox 171 2205 259 2245; x_wconf 87' lang='grc' dir='ltr'><strong><em>ραν,</em></strong></span> <span class='ocrx_word' id='word_1_378' title='bbox 287 2194 368 2232; x_wconf 86' lang='grc' dir='ltr'><strong><em>ύπὸ</em></strong></span> <span class='ocrx_word' id='word_1_379' title='bbox 398 2193 522 2242; x_wconf 81' lang='grc' dir='ltr'><strong><em>δέους,</em></strong></span> <span class='ocrx_word' id='word_1_380' title='bbox 548 2205 650 2247; x_wconf 81' lang='lat' dir='ltr'>prae</span> <span class='ocrx_word' id='word_1_381' title='bbox 677 2192 825 2231; x_wconf 81' lang='lat' dir='ltr'>timore.</span> 
     </span>
    </p>

    <p class='ocr_par' dir='ltr' id='par_1_4' title="bbox 137 2260 2211 2708">
     <span class='ocr_line' id='line_1_33' title="bbox 253 2260 2209 2313; baseline 0.001 -15"><span class='ocrx_word' id='word_1_382' title='bbox 253 2261 309 2298; x_wconf 88' lang='lat' dir='ltr'>Es</span> <span class='ocrx_word' id='word_1_383' title='bbox 340 2261 404 2298; x_wconf 88' lang='lat' dir='ltr'>his</span> <span class='ocrx_word' id='word_1_384' title='bbox 434 2262 574 2312; x_wconf 84' lang='lat' dir='ltr'>paucis</span> <span class='ocrx_word' id='word_1_385' title='bbox 605 2261 796 2311; x_wconf 84' lang='lat' dir='ltr'>exemplis</span> <span class='ocrx_word' id='word_1_386' title='bbox 822 2260 911 2310; x_wconf 83' lang='lat' dir='ltr'>jam</span> <span class='ocrx_word' id='word_1_387' title='bbox 940 2263 1255 2311; x_wconf 83' lang='lat' dir='ltr'>praepositiones</span> <span class='ocrx_word' id='word_1_388' title='bbox 1286 2264 1444 2313; x_wconf 86' lang='lat' dir='ltr'>longius</span> <span class='ocrx_word' id='word_1_389' title='bbox 1476 2262 1657 2312; x_wconf 58' lang='lat' dir='ltr'>recedere</span> <span class='ocrx_word' id='word_1_390' title='bbox 1687 2275 1707 2297; x_wconf 92' lang='lat' dir='ltr'>a</span> <span class='ocrx_word' id='word_1_391' title='bbox 1750 2261 1877 2310; x_wconf 89' lang='lat' dir='ltr'>prima</span> <span class='ocrx_word' id='word_1_392' title='bbox 1912 2262 2209 2311; x_wconf 78' lang='lat' dir='ltr'>significatione</span> 
     </span>
     <span class='ocr_line' id='line_1_34' title="bbox 169 2324 2210 2379; baseline 0.001 -15"><span class='ocrx_word' id='word_1_393' title='bbox 169 2324 349 2377; x_wconf 88' lang='lat' dir='ltr'>conspici</span> <span class='ocrx_word' id='word_1_394' title='bbox 379 2325 486 2367; x_wconf 84' lang='lat' dir='ltr'>licet.</span> <span class='ocrx_word' id='word_1_395' title='bbox 546 2325 715 2377; x_wconf 85' lang='lat' dir='ltr'>Saepius</span> <span class='ocrx_word' id='word_1_396' title='bbox 746 2331 924 2364; x_wconf 87' lang='lat' dir='ltr'>naturam</span> <span class='ocrx_word' id='word_1_397' title='bbox 954 2338 1064 2364; x_wconf 86' lang='lat' dir='ltr'>suam</span> <span class='ocrx_word' id='word_1_398' title='bbox 1096 2328 1308 2366; x_wconf 79' lang='lat' dir='ltr'>mutavisse</span> <span class='ocrx_word' id='word_1_399' title='bbox 1335 2327 1537 2376; x_wconf 84' lang='lat' dir='ltr'>videntur,</span> <span class='ocrx_word' id='word_1_400' title='bbox 1575 2333 1617 2365; x_wconf 87' lang='lat' dir='ltr'>ut</span> <span class='ocrx_word' id='word_1_401' title='bbox 1645 2326 1762 2364; x_wconf 70' lang='lat' dir='ltr'>facile</span> <span class='ocrx_word' id='word_1_402' title='bbox 1791 2325 1864 2363; x_wconf 86' lang='lat' dir='ltr'>tibi</span> <span class='ocrx_word' id='word_1_403' title='bbox 1896 2326 2025 2364; x_wconf 85' lang='lat' dir='ltr'>veniat</span> <span class='ocrx_word' id='word_1_404' title='bbox 2055 2327 2210 2379; x_wconf 89' lang='lat' dir='ltr'>opinio,</span> 
     </span>
     <span class='ocr_line' id='line_1_35' title="bbox 170 2392 2209 2446; baseline 0.001 -17"><span class='ocrx_word' id='word_1_405' title='bbox 170 2392 362 2429; x_wconf 88' lang='lat' dir='ltr'>contineri</span> <span class='ocrx_word' id='word_1_406' title='bbox 402 2393 442 2429; x_wconf 90' lang='lat' dir='ltr'>in</span> <span class='ocrx_word' id='word_1_407' title='bbox 483 2393 531 2430; x_wconf 86' lang='lat' dir='ltr'>iis</span> <span class='ocrx_word' id='word_1_408' title='bbox 568 2405 701 2429; x_wconf 86' lang='lat' dir='ltr'>revera</span> <span class='ocrx_word' id='word_1_409' title='bbox 730 2392 864 2443; x_wconf 85' lang='lat' dir='ltr'>plures</span> <span class='ocrx_word' id='word_1_410' title='bbox 895 2392 1071 2431; x_wconf 81' lang='lat' dir='ltr'>diversas</span> <span class='ocrx_word' id='word_1_411' title='bbox 1100 2395 1421 2446; x_wconf 74' lang='lat' dir='ltr'>significationes.</span> <span class='ocrx_word' id='word_1_412' title='bbox 1480 2393 1526 2429; x_wconf 68' lang='lat'>111</span> <span class='ocrx_word' id='word_1_413' title='bbox 1556 2392 1772 2442; x_wconf 87' lang='lat' dir='ltr'>praecipue</span> <span class='ocrx_word' id='word_1_414' title='bbox 1802 2392 2043 2439; x_wconf 78' lang='lat' dir='ltr'>credideris,</span> <span class='ocrx_word' id='word_1_415' title='bbox 2084 2406 2209 2442; x_wconf 85' lang='lat' dir='ltr'>quum</span> 
     </span>
     <span class='ocr_line' id='line_1_36' title="bbox 137 2452 2209 2508; baseline 0.001 -14"><span class='ocrx_word' id='word_1_416' title='bbox 137 2466 141 2469; x_wconf 81' lang='grc'><em>·</em></span> <span class='ocrx_word' id='word_1_417' title='bbox 171 2468 219 2494; x_wconf 88' lang='lat' dir='ltr'>ex</span> <span class='ocrx_word' id='word_1_418' title='bbox 247 2468 392 2508; x_wconf 83' lang='lat' dir='ltr'>graeco</span> <span class='ocrx_word' id='word_1_419' title='bbox 423 2457 462 2494; x_wconf 91' lang='lat' dir='ltr'>in</span> <span class='ocrx_word' id='word_1_420' title='bbox 493 2457 659 2495; x_wconf 90' lang='lat' dir='ltr'>latinum</span> <span class='ocrx_word' id='word_1_421' title='bbox 689 2471 908 2496; x_wconf 89' lang='lat' dir='ltr'>sermonem</span> <span class='ocrx_word' id='word_1_422' title='bbox 949 2459 1204 2497; x_wconf 79' lang='lat' dir='ltr'>transtuleris.</span> <span class='ocrx_word' id='word_1_423' title='bbox 1270 2459 1327 2497; x_wconf 88' lang='lat' dir='ltr'>Ut</span> <span class='ocrx_word' id='word_1_424' title='bbox 1363 2457 1467 2494; x_wconf 88' lang='lat' dir='ltr'>enim</span> <span class='ocrx_word' id='word_1_425' title='bbox 1508 2452 1750 2506; x_wconf 81' lang='lat' dir='ltr'>multiplices</span> <span class='ocrx_word' id='word_1_426' title='bbox 1792 2457 1887 2495; x_wconf 84' lang='lat' dir='ltr'>illae</span> <span class='ocrx_word' id='word_1_427' title='bbox 1924 2458 2121 2506; x_wconf 72' lang='lat' dir='ltr'>rationes,</span> <span class='ocrx_word' id='word_1_428' title='bbox 2158 2459 2209 2496; x_wconf 85' lang='lat' dir='ltr'>ad</span> 
     </span>
     <span class='ocr_line' id='line_1_37' title="bbox 168 2520 2209 2576; baseline 0.001 -16"><span class='ocrx_word' id='word_1_429' title='bbox 168 2533 266 2571; x_wconf 86' lang='lat' dir='ltr'>quas</span> <span class='ocrx_word' id='word_1_430' title='bbox 298 2535 375 2574; x_wconf 85' lang='lat' dir='ltr'>uua</span> <span class='ocrx_word' id='word_1_431' title='bbox 403 2523 657 2574; x_wconf 89' lang='lat' dir='ltr'>pnaepositio</span> <span class='ocrx_word' id='word_1_432' title='bbox 687 2537 807 2576; x_wconf 86' lang='lat' dir='ltr'>saepe</span> <span class='ocrx_word' id='word_1_433' title='bbox 836 2524 1064 2572; x_wconf 89' lang='lat' dir='ltr'>adhibetur,</span> <span class='ocrx_word' id='word_1_434' title='bbox 1091 2524 1170 2561; x_wconf 88' lang='lat' dir='ltr'>alio</span> <span class='ocrx_word' id='word_1_435' title='bbox 1200 2529 1378 2561; x_wconf 83' lang='lat' dir='ltr'>sermone</span> <span class='ocrx_word' id='word_1_436' title='bbox 1406 2522 1634 2570; x_wconf 80' lang='lat' dir='ltr'>reddantur,</span> <span class='ocrx_word' id='word_1_437' title='bbox 1665 2520 1719 2560; x_wconf 89' lang='lat' dir='ltr'>ad</span> <span class='ocrx_word' id='word_1_438' title='bbox 1738 2523 1885 2574; x_wconf 73' lang='lat' dir='ltr'>&#39;plures</span> <span class='ocrx_word' id='word_1_439' title='bbox 1910 2525 2209 2575; x_wconf 79' lang='lat' dir='ltr'>easque‘inter-</span> 
     </span>
     <span class='ocr_line' id='line_1_38' title="bbox 169 2586 2210 2642; baseline 0.001 -17"><span class='ocrx_word' id='word_1_440' title='bbox 169 2586 266 2626; x_wconf 87' lang='lat' dir='ltr'>dum</span> <span class='ocrx_word' id='word_1_441' title='bbox 283 2589 385 2627; x_wconf 86' lang='lat' dir='ltr'>inter</span> <span class='ocrx_word' id='word_1_442' title='bbox 402 2602 447 2627; x_wconf 85' lang='lat' dir='ltr'>se</span> <span class='ocrx_word' id='word_1_443' title='bbox 472 2589 688 2628; x_wconf 88' lang='lat' dir='ltr'>contrarias</span> <span class='ocrx_word' id='word_1_444' title='bbox 707 2590 1021 2642; x_wconf 84' lang='lat' dir='ltr'>praepositiones</span> <span class='ocrx_word' id='word_1_445' title='bbox 1043 2588 1250 2639; x_wconf 78' lang='lat' dir='ltr'>confugias</span> <span class='ocrx_word' id='word_1_446' title='bbox 1271 2601 1429 2627; x_wconf 88' lang='lat' dir='ltr'>necesse</span> <span class='ocrx_word' id='word_1_447' title='bbox 1447 2588 1534 2627; x_wconf 80' lang='lat' dir='ltr'>erit.</span> <span class='ocrx_word' id='word_1_448' title='bbox 1602 2587 1672 2626; x_wconf 87' lang='lat' dir='ltr'>Sic</span> <span class='ocrx_word' id='word_1_449' title='bbox 1693 2587 1775 2626; x_wconf 78' lang='grc' dir='ltr'><strong><em>ὑπὸ</em></strong></span> <span class='ocrx_word' id='word_1_450' title='bbox 1798 2590 2059 2642; x_wconf 83' lang='lat' dir='ltr'>praepositio,</span> <span class='ocrx_word' id='word_1_451' title='bbox 2089 2596 2210 2640; x_wconf 89' lang='lat' dir='ltr'>prout</span> 
     </span>
     <span class='ocr_line' id='line_1_39' title="bbox 169 2652 2211 2708; baseline 0.003 -20"><span class='ocrx_word' id='word_1_452' title='bbox 169 2655 359 2694; x_wconf 81' lang='lat' dir='ltr'>sententia</span> <span class='ocrx_word' id='word_1_453' title='bbox 371 2655 559 2706; x_wconf 86' lang='lat' dir='ltr'>postulat,</span> <span class='ocrx_word' id='word_1_454' title='bbox 572 2667 651 2705; x_wconf 87' lang='lat' dir='ltr'>qua</span> <span class='ocrx_word' id='word_1_455' title='bbox 673 2660 897 2706; x_wconf 81' lang='lat' dir='ltr'>usurpatur,</span> <span class='ocrx_word' id='word_1_456' title='bbox 907 2655 1029 2693; x_wconf 89' lang='lat' dir='ltr'>modo</span> <span class='ocrx_word' id='word_1_457' title='bbox 1050 2667 1141 2694; x_wconf 88' lang='lat' dir='ltr'>cum</span> <span class='ocrx_word' id='word_1_458' title='bbox 1157 2654 1521 2706; x_wconf 85' lang='lat' dir='ltr'>praepositionibus</span> <span class='ocrx_word' id='word_1_459' title='bbox 1533 2652 1621 2705; x_wconf 78' lang='lat' dir='ltr'>sub,</span> <span class='ocrx_word' id='word_1_460' title='bbox 1634 2652 1756 2708; x_wconf 78' lang='lat' dir='ltr'>infra,</span> <span class='ocrx_word' id='word_1_461' title='bbox 1765 2656 1888 2694; x_wconf 87' lang='lat' dir='ltr'>modo</span> <span class='ocrx_word' id='word_1_462' title='bbox 1900 2667 1991 2694; x_wconf 89' lang='lat' dir='ltr'>cum</span> <span class='ocrx_word' id='word_1_463' title='bbox 2011 2655 2076 2705; x_wconf 84' lang='lat' dir='ltr'>ab,</span> <span class='ocrx_word' id='word_1_464' title='bbox 2087 2656 2211 2696; x_wconf 85' lang='lat' dir='ltr'>modo</span> 
     </span>
    </p>
   </div>
  </div>
 </body>
</html>
