2413 3051
1183 132 1239 186 1⁰.

297 242 408 295 Ύπέρ
434 242 707 295 praepositio,
752 255 800 282 ex
824 254 902 295 qua
931 246 971 280 et
999 242 1144 294 spiritu
1173 255 1316 296 aspero
1345 244 1386 282 iu
1417 256 1435 283 s
1465 245 1708 288 condensato
1737 250 1860 290 latina
1886 260 2006 304 super
2034 250 2230 306 originem

186 308 313 357 «luxit,
344 321 391 348 ex
420 308 573 348 abolito
601 307 747 361 ὓπερα,
777 312 914 346 neutro
945 307 1138 359 adjectivi
1166 306 1342 360 ὕπερος,
1362 312 1458 352 ,orta
1487 316 1559 361 est,
1590 313 1705 365 cnjus
1736 318 2050 369 comparativum
2078 317 2229 371 ὑπερώ-

180 385 301 425 τερος
336 368 589 425 Hesychius,
630 372 915 426 superlativum
952 371 1214 427 ύπερώτατος
1249 364 1447 415 Pindarus
1484 377 1527 416 in
1569 377 1684 418 Nem.
1716 380 1820 430 vm,
1857 382 1928 422 73.
1969 385 2143 435 praebet.
2173 406 2230 413 —

180 439 316 490 Vulgo
345 452 421 491 per
449 453 652 493 syncopen
681 438 912 493 ὑπέρτερος,
940 439 1171 494 ϋπέρτατος
1200 440 1420 481 dicebatur.
1495 440 1692 495 Ejusdem
1720 446 1888 499 originis
1917 449 1940 486 ὁ
1965 447 2119 503 ὕπερος
2147 449 2231 489 sive

179 507 227 546 τὸ
254 503 409 560 ὕπερον
437 513 516 564 est,
533 519 613 558 qua
640 516 741 557 ,γοοο
769 506 793 544 ὁ
815 503 971 555 δοῖδυξ,
996 505 1186 559 pistillus,
1215 519 1246 545 s.
1274 506 1491 559 pistillum,
1520 508 1781 561 significatur,
1805 518 1851 552 et
1877 515 1907 568 ή
1940 514 2082 568 eadee,
2109 515 2229 565 fanis,

176 585 260 624 qno
289 578 546 613 antennarum
575 583 725 632 cornua
753 571 1054 622 transferuntur,
1082 572 1309 622 tenduntur,
1337 574 1531 613 laxantur.

288 637 439 678 Facilis
469 643 508 678 et
536 637 608 678 hic
636 637 819 677 transitio
847 638 900 679 ab
938 636 1146 691 >adjectivo
1194 639 1236 678 in
1284 638 1520 679 adverbium
1547 645 1586 678 et
1634 641 1951 693 prapositionem
1998 650 2071 685 est.
2157 647 2227 687 Sic

175 718 262 744 eam
309 709 477 756 partem,
518 708 570 743 ut
598 703 785 756 exemplo
833 716 919 744 rem
964 704 1185 757 explicem,
1225 716 1327 754 quae
1373 718 1496 757 supra
1522 717 1670 754 aurem,
1701 711 1760 745 est
1786 704 1920 759 ὕπερα
1950 703 2099 761 οὔάτος
2126 713 2227 766 μέρη

171 770 357 824 primitus
388 768 601 819 dicebant‚·
619 774 707 810 tum
726 769 987 823 'substantivo
1023 770 1171 809 omisso
1208 765 1341 823 ὕπερα
1380 766 1543 819 οὔατος,
1586 778 1789 823 postremo
1816 771 1921 824 ὑπὲρ
1950 768 2109 823 οὔατος.
2172 779 2222 817 [d

169 836 355 889 plurimis
384 835 554 875 Homeri
584 836 777 888 exemplis
798 825 1085 875 confirmatur:
1127 833 1244 888 iliad.
1275 833 1372 884 Xlll,
1400 834 1487 873 616
1516 836 1539 873 ό
1566 835 1612 876 δὲ
1639 833 1866 890 προσιόντα
1902 837 2087 882 μέτωπον
2115 840 2225 891 ῥινὸς

168 902 272 956 ὑπὲρ
300 898 492 953 πυμάτης
520 897 664 949 ἔβαλεν
692 911 878 952 superam
905 897 998 938 nasi
1022 900 1191 938 extrema·
1209 902 1366 950 partem
1394 899 1421 936 i.
1451 911 1487 938 e.
1516 911 1638 951 super
1664 900 1762 940 nae‘o
1792 905 1990 953 extremo5
2018 926 2075 934 —
2103 905 2222 946 Iliad.

165 970 256 1020 XV,
285 967 372 1009 433
400 960 480 1010 τὸν
503 963 621 1014 ἔβαλε
649 961 831 1018 κεφαλὴν
857 962 961 1016 ὑπὲρ
990 959 1141 1011 οὔατος
1168 961 1251 1011 ὀξέι·
1274 962 1413 1015 χαλκῷ
1420 979 1434 1008 ,·
1475 982 1530 991 —-
1557 964 1676 1007 iliad.
1706 965 1777 1013 lv,
1805 964 1918 1013 528.;
1949 987 2002 996 —
2032 969 2082 1018 V,
2113 970 2220 1018 1453

167 1036 236 1085 xl,
266 1034 362 1074 1⁰8.
392 1052 448 1060 —

283 1098 364 1142 Διά
402 1105 441 1139 et
480 1095 584 1151 ἀμφί
624 1095 942 1148 praepositiones
990 1107 1200 1142 commune
1237 1094 1389 1135 habent
1424 1095 1704 1148 primordium.
1763 1095 1866 1137 Sunt
1902 1098 2006 1137 enim
2045 1099 2139 1139 illae
2169 1114 2217 1140 ex

166 1166 376 1221 adjectivis
406 1163 674 1205 numeralibus
706 1160 783 1202 δύο
810 1166 850 1201 et
879 1158 999 1216 ἀμφώ
1025 1167 1152 1211 natae,
1180 1159 1225 1199 id
1255 1161 1366 1211 quod
1393 1162 1459 1201 vel
1486 1174 1534 1201 ex
1562 1162 1698 1202 multis
1716 1162 1847 1202 verbis
1899 1175 1991 1203 cum
2011 1165 2075 1205 his
2094 1179 2216 1218 prae-

167 1233 437 1288 positionibus
468 1229 706 1290 compositis
737 1233 871 1280 potest
899 1226 1104 1279 cognosci,
1123 1227 1164 1265 in
1184 1226 1330 1276 quibus
1359 1228 1470 1266 notio
1499 1228 1951 1268 numeraliumjillornm
1980 1231 2216 1272 continetur.

164 1298 382 1352 Ejusmodi
411 1297 534 1337 verba
563 1299 673 1335 sunt:
704 1291 972 1346 ἀμφίστομος,
1001 1288 1293 1345 ἀμφίγλωσσος,
1325 1290 1529 1345 δίστομος,
1559 1290 1759 1347 bilinguis,
1789 1290 1868 1346 (ῠίε
1896 1309 1944 1334 ex
1964 1309 2110 1348 graeco
2141 1295 2216 1346 δίς

165 1372 297 1406 ortum
326 1370 399 1414 est,
426 1368 472 1402 ut
500 1359 645 1401 bellum
675 1372 723 1398 ex
751 1352 959 1409 duellwn),
989 1355 1273 1410 ἀμφικέφαλος,
1290 1356 1437 1412 biceps,
1468 1355 1800 1411 ἅμφιπρόσωπος,
1827 1358 1992 1413 bifrons,
2022 1359 2212 1413 ἅμφίχω-

163 1435 245 1482 λος,
274 1435 443 1484 utroque
467 1427 574 1481 pede
599 1423 782 1475 claudae,
812 1422 1047 1476 ἀμφιλαῖος,
1076 1427 1242 1477 utraque
1270 1423 1390 1460 maim
1419 1420 1579 1471 laevus,
1608 1420 1861 1475 ἀμφιδέξιος,
1898 1429 2065 1479 utraque
2092 1438 2213 1465 manu

162 1498 321 1547 dexter,
350 1491 586 1549 ἀμφιάλος,
616 1489 806 1542 bimaris,
834 1486 1154 1543 ἅμφικέλευθος,
1184 1485 1451 1542 ἅμφίκουρος,
1481 1487 1634 1527 medius
1661 1487 1763 1528 irater
1791 1493 1872 1528 tres
1895 1486 2058 1543 fratres,
2088 1489 2209 1545 ἄμφι-

162 1562 334 1619 μαχρός,
364 1550 634 1614 ἅμφιβραχύς
662 1554 893 1613 emanue„
913 1553 1084 1608 pedibus
1111 1553 1335 1595 alternatim
1364 1554 1501 1603 molis,
1546 1550 1782 1607 ἄμφιππος,
1821 1554 1893 1609 qui
1919 1551 2072 1595 duobus
2100 1558 2211 1612 equis
2271 1584 2272 1587 ,

159 1630 329 1679 vehitur,
357 1627 413 1667 ita
441 1630 484 1665 ut
513 1638 562 1665 ex
591 1638 670 1665 uno
699 1624 741 1664 in
770 1622 940 1663 alterum
968 1619 1181 1680 transilajat,
1211 1618 1444 1672 ἀμφίβολος,
1475 1618 1680 1672 ambiquue
1695 1615 1900 1675 (ambiqo),
1923 1634 2067 1674 anceps
2083 1618 2208 1673 (amb-

161 1691 332 1750 capere),
362 1691 617 1747 ἀμφισβητῶ,
648 1690 760 1741 quod
788 1702 836 1727 ex
865 1685 1002 1740 ἀμφίς
1031 1693 1070 1726 et
1099 1687 1249 1735 βατεῖν,
1279 1683 1428 1733 βαίνω,
1458 1691 1503 1724 ut
1530 1683 1666 1723 dubito
1696 1698 1743 1724 ex
1771 1686 1853 1725 duo
1883 1692 1923 1726 et
1950 1687 2021 1736 ito,
2063 1701 2134 1737 eo,
2164 1694 2208 1727 ut

160 1762 314 1816 ambigo
344 1772 391 1798 ex
420 1757 540 1796 ambo
570 1761 610 1795 et
638 1768 716 1807 ago
746 1759 877 1793 ortum
897 1759 968 1801 est,
997 1751 1066 1790 ich
1096 1751 1330 1799 zwei-sele,
1362 1750 1476 1801 quasi
1506 1751 1608 1788 inter
1635 1750 1717 1789 duo
1739 1750 1905 1790 consilia
1942 1751 2116 1801 fluctu03
2151 1775 2205 1783 —

161 1828 357 1883 δι’φωνος,
388 1822 588 1877 δίφυλλος,
619 1820 788 1875 δίφυιος,
820 1817 968 1873 διφυής
998 1814 1280 1867 διαγιγνώσκω,
1310 1815 1506 1870 diqnoeeo,
1529 1813 1741 1868 διακρίνω,
1753 1815 1947 1866 discerno,
1972 1816 2204 1868 διαδικάζω,
2230 1847 2237 1850 -

158 1893 331 1949 dijudico
343 1919 357 1942 ,
388 1886 671 1940 διαζεύγνυμι,
701 1883 905 1940 ᾱίῄιιηςσ,
936 1880 1215 1937 διανοσφίζω,
1246 1880 1413 1933 dirimo,
1442 1877 1729 1934 διαρῥήγνυμι,
1759 1878 1971 1936 diffrinqo,
2001 1883 2202 1935 διασπάω,

158 1959 330 2009 divelle,
360 1956 560 2006 dilacera,
590 1951 929 2006 διασκεδάννυμι,
957 1949 1120 2003 dissipo,
1150 1946 1350 2002 daekperqo,
1381 1946 1544 1996 διαλύω,
1573 1945 1763 2007 dissolvo,
1794 1945 1951 2000 διώρυξ,
1982 1947 2199 2004 διώρυγμα,

150 2026 263 2083 fossa
287 2037 364 2078 pgr
392 2022 519 2063 locum
548 2032 663 2076 quem
684 2020 825 2068 ducta,
854 2009 1012 2067 alianae
1039 2015 1227 2068 plurima.

265 2088 344 2132 Διά
372 2087 619 2144 praepositio
649 2098 696 2124 ex
726 2082 841 2133 δοιά,
890 2088 1028 2123 neutro
1060 2079 1227 2133 pluralis
1257 2079 1444 2130 antiquae
1471 2078 1624 2120 formae
1652 2078 1783 2129 δοιοί,
1813 2079 1878 2129 αἱ,
1909 2078 1936 2120 ά
1964 2085 2095 2120 ortum
2123 2087 2197 2121 est.

152 2158 445 2210 Diphthongus
478 2168 516 2193 οι
544 2147 665 2203 saepe
694 2151 734 2186 in
762 2162 788 2186 υ
816 2155 854 2186 et
883 2162 898 2186 ι
924 2146 1076 2186 transit.
1133 2138 1205 2183 Sic
1234 2157 1282 2182 ex
1311 2143 1417 2182 δοιοί
1442 2144 1592 2183 factum
1621 2150 1681 2184 est
1710 2143 1785 2185 δύο
1814 2142 1929 2195 (duo,
1958 2150 2051 2194 two,
2076 2145 2194 2198 zwo)

153 2239 200 2264 ex
229 2223 414 2274 κοίρανος
442 2219 591 2273 κύριος,
622 2230 670 2256 ex
698 2213 774 2255 δύο
801 2203 931 2253 autem
963 2210 1026 2261 δίς
1052 2211 1154 2257 (bis)
1185 2208 1337 2257 δισσός,
1369 2208 1534 2258 διπλόος
1561 2209 1889 2262 (duplexJ‘dc'xa.
1911 2233 1967 2241 —
1996 2207 2193 2252 Omnibus

153 2290 275 2338 locis,
317 2288 461 2339 quibus
492 2282 563 2326 διά
592 2281 714 2323 locali
745 2292 883 2328 sensu,
921 2278 985 2317 vel
1021 2277 1150 2317 etiam·
1170 2276 1222 2316 de
1248 2281 1450 2327 tempore,
1497 2275 1663 2325 dicitur,
1704 2277 1812 2316 notio
1842 2277 1913 2327 illa
1940 2278 2193 2330 principalis,

151 2356 329 2406 quamvis
358 2352 557 2391 interdum
603 2349 796 2394 obscura,
836 2343 1091 2398 agnoscenda
1129 2348 1200 2381 est.
1256 2341 1455 2380 Plurimus
1496 2340 1583 2393 ejus
1622 2354 1715 2381 usus
1752 2347 1811 2381 est
1850 2343 1891 2381 in
1930 2338 2080 2394 verbis,
2121 2345 2192 2396 qui

150 2428 301 2459 motum
331 2432 412 2469 quo
442 2417 632 2462 indicant,
661 2419 706 2452 ut
733 2413 804 2460 ire,
833 2410 1052 2464 proficisci,
1082 2409 1208 2459 sequi,
1237 2408 1381 2456 venire,
1410 2407 1639 2459 pervenire,
1667 2414 1887 2457 penetrare,
1915 2421 2189 2461 prorumpere,

152 2487 295 2534 volare,
325 2484 511 2536 navigare
540 2486 614 2521 etc.
645 2480 715 2519 ubi
743 2479 818 2518 iter
847 2470 971 2529 qnasi·
991 2481 1148 2530 secatur
1184 2473 1224 2512 in
1263 2473 1362 2514 duas
1383 2479 1536 2527 partes.
1597 2471 1790 2513 Similiter
1817 2474 1989 2513 Romani
2028 2475 2185 2515 dicunt:

152 2553 275 2590 amnis
315 2551 453 2589 urbem
493 2553 600 2587 secat
640 2543 736 2593 (διὰ
773 2549 850 2598 τῆς
878 2540 1032 2588 πόλεως
1060 2540 1167 2593 ῥεῖ),
1213 2540 1294 2579 avis
1324 2539 1486 2578 aethera
1515 2544 1634 2588 secat,
1663 2551 1740 2578 vox
1770 2545 1876 2579 secat
1905 2544 2017 2589 aera,
2047 2540 2186 2591 undas,

149 2631 298 2670 aequor
329 2628 460 2656 secare
489 2627 630 2668 puppe
667 2617 744 2653 etc.
787 2609 951 2650 nourr.
982 2608 1102 2647 Hom.
1134 2605 1248 2648 mad,
1278 2605 1354 2655 lv,
1384 2605 1466 2645 481
1499 2602 1540 2645 δί
1567 2600 1677 2657 ὤμου
1704 2601 1851 2660 ἦλθεν,
1878 2618 1954 2658 per
1981 2604 2183 2646 humerum

148 2684 328 2734 transitt3
366 2703 422 2712 —
459 2680 573 2727 XVI,
603 2677 686 2718 405
715 2675 810 2718 διὰυ
838 2675 870 2716 δ’
908 2673 1037 2715 αὐτοῦ
1066 2676 1205 2723 πεῖρεν
1241 2668 1436 2721 ὀδόντων,
1463 2682 1542 2723 per
1582 2670 1665 2725 ejus
1700 2671 1836 2713 dentes
1875 2671 2088 2726 humeya,-
2129 2694 2182 2701 —
