2413 3051
1181 95 1235 134 12

183 207 306 247 modo
339 206 548 246 dicuntur:
578 205 743 246 Isocrat.
773 206 827 245 ad
855 205 964 245 Phil.
995 204 1092 244 109.
1131 203 1237 253 ἰ’ὃοις
1274 202 1327 244 ἂν
1363 204 1429 243 καὶ
1464 206 1547 248 τῶν
1583 203 1754 246 ἰδιωτῶν
1781 208 1878 259 τοὺς
1904 207 2229 258 ἐπιεικεστάτους

180 271 285 326 ὑπὲρ
312 268 436 313 ἄλλου
462 271 538 324 μὲν
572 270 740 322 οὐδενὸς
768 269 820 312 ἄν
847 272 896 310 τὸ
926 269 1004 325 ζῇν
1041 267 1531 323 ἀντικαταλλαξαμένους,
1594 270 1698 326 ὑπὲρ
1737 271 1783 313 δὲ
1820 277 1896 315 τοῦ
1917 271 2068 325 ’τυχεῖν
2103 274 2230 328 καλῆς

182 335 303 388 ὁόξης
340 336 629 393 ἀποθνήσκειν
665 340 708 378 ἐν
735 342 824 385 τοῖς
850 335 1040 388 πολέμοις
1068 335 1310 385 ἐθελοντας,
1353 336 1425 376 ubi
1461 341 1596 379 tamen
1631 339 1923 393 praepositioni
1960 340 2059 394 ὑπέρ
2094 338 2229 379 subest

179 405 290 444 notio
319 405 540 456 commodi,
569 405 773 450 utilitatis;
800 425 856 435 --
894 403 1000 441 Plat.
1030 401 1213 443 Phaedo.
1243 401 1313 441 69.
1343 401 1401 456 μὴ
1429 401 1509 456 γὰρ
1537 402 1643 458 αὕτη
1670 400 1702 459 ᾗ
1729 406 1897 460 ήόρθὴ
1937 407 2040 460 πρὸς
2075 403 2228 458 ἀρετὴν

180 467 356 524 ἀλλαγὴ,
386 468 543 524 ἡδονὰς
570 471 672 523 πρὸς
697 466 853 524 ἡδονὰς
881 467 949 508 καί
977 465 1106 517 λύπας
1134 468 1236 520 πρὸς
1264 465 1395 518 λύπας
1422 468 1489 510 καὶ
1517 467 1646 523 φόβον
1674 472 1776 524 πρὸς
1804 470 1932 526 φόβον
1959 470 2227 512 καταλλάττε-

179 535 302 583 σθαι,
332 534 399 575 καὶ
424 535 547 587 μείζω
574 536 676 588 πρὸς
703 533 859 574 ἐλάττω
887 532 1022 587 ὥςπερ
1046 533 1305 586 νομίσματα,·
1335 556 1392 566 -

293 615 386 642 cum
415 602 505 653 quis
534 602 604 640 alii
632 601 908 652 anteponitur,
937 601 1001 639 vei
1030 613 1154 651 quum
1182 613 1243 638 res
1273 601 1330 639 rei
1357 601 1598 653 praefertur:
1629 602 1873 651 Xen.Anab.
1902 603 1937 652 1,
1956 603 2004 652 9,
2023 603 2065 644 9.
2099 605 2231 644 πᾶσαι

181 671 226 708 αἱ
252 666 392 716 πόλεις
420 668 561 720 Κῦρον
591 665 748 706 camo
777 664 871 707 ἀντὶ
906 666 1228 719 Τισσαφέρνουςε
1261 689 1314 696 -
1355 666 1508 719 Cyrop.
1538 668 1635 708 vlu.
1666 668 1707 717 2,
1734 667 1776 715 9;
1806 688 1861 697 -
1900 669 2030 708 Anab.
2058 669 2087 718 l,
2116 668 2157 716 ⁷,
2188 668 2231 707 4.

177 732 353 782 πολλοὺς
393 728 506 784 οἶμαι
543 730 737 785 ποιήσειν
765 729 820 772 τὰ
849 730 943 784 παρ’
974 731 1062 783 ἐμοὶ
1088 732 1256 772 ἑλέσθαι
1289 730 1382 772 ἀντὶ
1410 734 1492 772 τῶν
1521 731 1647 780 οἴκοις
1680 755 1733 763 -
1760 735 1788 782 l,
1816 732 1858 781 7,
1887 733 1950 780 &3
1981 754 2036 764 -—
2076 733 2230 785 Cyrop.

179 799 230 847 V,
259 799 300 847 2,
331 798 424 844 12.;
456 791 607 846 —‘1v,
638 797 680 846 5,
709 796 800 843 5o.;
833 818 886 825 —
915 796 965 847 V,
995 797 1036 846 2,
1064 797 1127 844 8.;
1169 818 1222 827 —-
1262 798 1472 837 Demosth.
1512 798 1565 837 de
1599 811 1680 839 cor.
1709 798 1817 848 263,
1845 797 1962 845 299.;
2008 797 2061 837 de
2088 798 2119 839 f.
2147 798 2230 849 leg.

178 864 301 911 419.;
307 864 503 915 Olynth.
532 863 621 902 init.
652 883 705 892 —
737 862 931 901 Similiter
958 862 1132 901 Romani
1162 875 1324 914 quoque
1351 868 1443 903 ante
1471 869 1677 916 usurpant
1709 864 1798 905 cic.
1827 863 1880 903 de
1907 863 2232 912 offie1.u1,17.

178 930 331 969 malitia
362 930 471 968 mala
501 929 617 968 bonis
646 928 763 979 ponit
792 932 895 966 ante.
924 949 980 957 -

293 994 375 1035 Hic
414 1001 453 1034 et
491 993 702 1046 singularis
741 994 1050 1046 praepositionis
1080 1007 1173 1034 usus
1202 995 1244 1033 in
1273 996 1406 1047 poetis
1435 1001 1495 1035 est
1524 963 1911 1042 animadvertendae,
1950 1006 1999 1032 ex
2027 1007 2108 1045 quo
2138 994 2232 1034 αντὶ

177 1066 274 1115 post
302 1060 618 1114 comparativum
655 1071 732 1113 pro
761 1059 847 1100 solo
877 1058 1055 1114 genitivo
1084 1059 1269 1113 ponitur·
1308 1060 1442 1114 Soph.
1481 1060 1621 1115 Antig.
1661 1060 1765 1102 183.
1798 1059 1946 1112 μείζον’
1986 1057 2100 1109 ὅστις
2140 1059 2232 1100 ἀντὶ

177 1131 256 1179 τῆς
285 1130 414 1166 αὐτοῦ
442 1125 604 1177 πάτρας
633 1125 750 1177 φίλον
778 1125 950 1175 νομίζει,
979 1128 1129 1163 τοῦτον
1158 1124 1340 1177 οὐδαμοῦ
1357 1126 1464 1176 λέγω,
1486 1125 1560 1182 qm·
1581 1125 1778 1179 potiorem
1804 1125 1939 1179 patrm
1966 1138 2040 1165 cua
2068 1125 2234 1166 micum

178 1192 310 1243 duent,
355 1205 444 1232 eum
474 1191 516 1232 in
541 1189 655 1232 nullo
683 1189 847 1231 honoris
875 1188 960 1230 loco
990 1202 1073 1229 esse
1102 1190 1214 1243 dico3
1243 1212 1299 1221 —
1329 1192 1484 1232 Trach.
1511 1191 1611 1241 577,
1636 1190 1766 1241 1598„
1806 1215 1863 1222 —
1905 1193 2050 1243 Eurip.
2080 1192 2230 1244 Suppl.

176 1260 277 1301 419.
306 1281 363 1289 —
406 1259 602 1298 Similiter
640 1255 735 1298 ἀντὶ
769 1260 864 1308 post
902 1253 973 1296 οὐκ
1003 1251 1123 1306 ἄλλος
1155 1257 1319 1309 ponitur
1346 1270 1424 1309 pro
1453 1257 1630 1311 genitivo
1661 1258 1769 1297 solo=
1808 1258 1952 1310 Eurip.
1979 1258 2102 1299 Hero.
2132 1256 2232 1298 519.

181 1325 253 1365 οὐκ
283 1324 374 1364 ἔσθ’
406 1324 462 1364 56³
496 1321 618 1372 ἄλλος
647 1321 740 1363 ἀντὶ
768 1325 845 1361 σοῦ
873 1321 1023 1371 παιδὸς
1049 1324 1186 1378 γέρονς
1220 1343 1271 1351 -
1301 1323 1395 1363 Hel.
1425 1322 1539 1371 582.;
1572 1345 1625 1353 —·
1654 1322 1853 1376 Sophocl.
1883 1323 1952 1376 Aj.
1981 1323 2080 1370 444;
2141 1323 2234 1363 Col.

180 1391 298 1439 488.;
329 1411 387 1419 -
430 1391 641 1443 Aristoph.
679 1390 785 1433 Nub.
815 1387 913 1429 653.
945 1410 999 1418 -
1038 1389 1243 1428 Interdum
1279 1388 1360 1443 πρὸ
1388 1395 1427 1429 et
1463 1388 1577 1443 παρά
1616 1391 1759 1430 eodem
1798 1390 1921 1430 modo
1965 1389 2229 1430 adhibentur:

177 1459 282 1502 Plat.
306 1456 461 1497 Phaed.
493 1457 529 1495 εἰ
557 1454 614 1510 μὴ
646 1453 901 1508 δικαιότερον
929 1450 1046 1509 ᾤμην
1073 1454 1140 1494 καὶ
1168 1453 1331 1496 κάλλιον
1361 1451 1464 1496 εἶναι
1492 1456 1571 1511 πρὸ
1599 1459 1674 1496 τοῦ
1703 1454 1867 1511 φεύγειν
1902 1469 1949 1496 τε
1984 1455 2051 1496 καὶ
2089 1454 2232 1497 ἀποδι-

180 1524 378 1580 δράσκειν
405 1516 573 1573 ύπέχειν
601 1524 657 1578 τῇ
686 1520 801 1562 πόλει
830 1520 969 1574 ὄίκηνε
1000 1545 1056 1552 -
1085 1521 1222 1561 Thuc.
1252 1522 1289 1569 l,
1318 1520 1386 1560 23.
1416 1520 1659 1576 πυκνότεραι
1695 1520 1809 1576 παρὰ
1846 1520 1899 1562 τὰ
1941 1522 1983 1561 ἐκ
2027 1524 2103 1561 τοῦ
2141 1522 2236 1574 πρὶν

180 1590 330 1643 χρόνου
356 1586 715 1644 μνημονευόμεναι
744 1608 796 1620 --
843 1587 1040 1630 Herodot.
1069 1587 1108 1636 l,
1144 1585 1213 1630 62.
1245 1582 1352 1626 οἷσιν
1379 1587 1407 1641 η’
1435 1585 1625 1641 τυραννὶς
1651 1589 1731 1640 πρὸ
1759 1587 1994 1642 ἐλευθερίης
2022 1584 2076 1644 ἦν
2104 1587 2234 1630 dona.

181 1669 390 1708 στοτερον.

294 1721 524 1775 Sophocles
555 1732 635 1760 uno
663 1721 754 1760 loco
783 1718 877 1760 ἀντί
903 1720 960 1759 ita
989 1719 1199 1768 adhibuit,
1240 1719 1580 1770 quemadmodum
1610 1719 1788 1771 alioquin
1818 1720 1966 1761 Graeci
1993 1719 2118 1776 πρός,
2147 1722 2235 1761 Ro·

179 1792 286 1830 mani
321 1801 420 1842 per,
460 1787 733 1836 collocabant,
774 1787 932 1826 scilicet
970 1786 1012 1825 in
1041 1784 1293 1825 obtestando.
1351 1786 1484 1826 Locus
1512 1787 1582 1825 ille
1611 1792 1670 1825 est
1698 1787 1740 1824 in
1768 1785 1872 1825 Oed.
1902 1786 1993 1830 Col.
2022 1800 2081 1829 vs.
2112 1778 2236 1827 1326.

181 1855 216 1895 σ’
248 1853 341 1896 α’ντὶ
370 1850 529 1897 παίδων
556 1850 684 1893 τῶνδε
710 1849 777 1893 καὶ
805 1854 945 1906 ψυχῆς
974 1849 1217 1902 ἱκετεύομεν,
1248 1851 1319 1891 ubi
1346 1857 1470 1904 poeta
1489 1853 1757 1905 principalem
1778 1853 2089 1905 praepositionis
2107 1855 2234 1907 signi-

179 1922 410 1961 ficationem
438 1925 530 1959 ante
558 1919 696 1958 oculos
726 1917 883 1967 habuit,
913 1918 968 1955 ita
996 1922 1041 1955 ut
1066 1929 1202 1956 sensus
1232 1917 1301 1956 sit:
1347 1917 1635 1971 Supplieamus
1665 1917 1740 1958 tibi
1769 1918 1905 1958 liberis
1935 1918 2060 1969 hisce,
2087 1920 2234 1971 quibus

178 1988 255 2028 tibi
286 1987 389 2027 nihil
418 1985 576 2025 dulcius
607 1998 693 2024 ease
721 1989 867 2036 potest,
898 1989 938 2022 et
966 1988 1034 2021 tua
1065 1982 1190 2021 salute
1218 1983 1477 2021 exadversum
1507 1985 1650 2034 positis
1680 1989 1759 2024 etc.
1789 1984 1944 2022 Pariter
1972 1985 2053 2022 loci
2082 1985 2166 2033 illi,
2195 1986 2236 2022 in

180 2052 327 2105 quibus
357 2048 451 2092 ἀντί
478 2050 683 2091 abundare
710 2049 869 2090 videtur
896 2052 992 2101 post
1020 2048 1337 2100 comparativum
1366 2049 1431 2088 vel
1459 2055 1554 2100 post
1584 2046 1655 2088 οὐκ
1683 2044 1815 2097 ἄλλος,
1860 2056 1951 2089 sunt
1975 2051 2238 2101 interpretan-

181 2121 246 2157 di:
288 2117 421 2169 Soph.
461 2116 600 2168 Antig.
639 2114 738 2156 182.
776 2115 846 2165 qui
875 2114 1050 2154 amicum
1085 2113 1346 2155 exadversum
1375 2113 1547 2167 patriam
1582 2113 1759 2166 positum
1790 2118 1861 2158 (ut
1890 2114 2083 2155 deliberet
2106 2119 2239 2154 utrum

179 2184 400 2236 praeferat)
430 2183 632 2233 potiorem
663 2181 787 2227 ducit,
816 2193 907 2218 eum
935 2179 1124 2230 repudio.
1158 2199 1210 2209 -

276 2246 394 2296 Ἀπὸ,
423 2246 517 2295 ὑπό,
548 2244 628 2299 πρό
655 2246 987 2298 praepositiones,
1015 2244 1182 2296 proprie
1212 2243 1338 2282 dativi
1369 2251 1470 2291 sunt,
1499 2245 1540 2282 in
1570 2246 1716 2295 quibus
1746 2248 1781 2297 ᾧ
1809 2252 2053 2284 attenuatum
2082 2251 2153 2293 est,
2182 2246 2238 2283 ita

183 2321 227 2355 ιιι
255 2328 303 2355 ex
333 2313 450 2365 ἀπῷ,
484 2314 598 2369 ύῙιῷ,
628 2313 741 2365 πρῴ,
770 2309 911 2362 (πρῶι)
942 2310 1116 2361 primum
1147 2310 1300 2348 formae
1327 2307 1437 2357 ἀπώ,
1465 2308 1574 2359 ύπώ,
1604 2308 1713 2364 πρώ,
1743 2310 1891 2350 deinde
1919 2308 2013 2360 ἀπὸ,
2042 2309 2135 2360 ύπό,
2158 2310 2238 2364 πρὸ

183 2382 263 2421 sint
290 2380 433 2420 factae.
464 2379 633 2417 Exstant
662 2379 786 2422 etiam.
811 2376 958 2416 horum
987 2376 1268 2415 adverbiorum
1298 2377 1560 2430 comparativi
1601 2375 1796 2430 α’ποτέρω,
1813 2377 2006 2431 προτέρω,
2024 2383 2066 2417 et
2094 2390 2236 2429 super-

182 2448 328 2487 lativus
359 2443 573 2487 ἀπωτάτω.
617 2443 776 2484 Eodem
806 2442 930 2484 modo
963 2441 1165 2491 adverbia,
1195 2454 1298 2493 quae
1326 2454 1447 2494 supra
1473 2443 1587 2481 attuli
1617 2439 1714 2490 ἄνω,
1730 2441 1852 2491 κάτω,
1870 2442 1953 2492 ἔξω,
1975 2442 2081 2493 edom,
2099 2442 2239 2495 πρόσω

184 2512 311 2555 dativi
341 2517 430 2551 sunt
457 2510 652 2564 putanda,
682 2522 852 2561 quorum
883 2521 998 2549 casus
1029 2514 1180 2557 autem,
1223 2507 1414 2559 quoniam
1444 2520 1522 2547 non
1550 2508 1740 2547 adverbia
1770 2522 1856 2548 esse
1885 2509 2114 2556 desierunt,
2158 2521 2236 2546 non

185 2579 287 2617 adeo
319 2583 404 2617 erat
433 2582 667 2617 attenuatus.
725 2575 780 2613 At
810 2575 1027 2625 quaeritur,
1056 2586 1128 2614 cur
1156 2586 1204 2614 ex
1233 2573 1299 2613 his
1330 2572 1528 2613 adverbiis
1565 2586 1643 2617 non
1682 2573 1833 2627 pariter
1862 2574 1939 2614 sint
1967 2572 2236 2627 praepositio-

192 2658 260 2685 nes
289 2644 485 2684 formatae
516 2641 603 2691 οένὸ,
632 2639 745 2681 κατὸ.
777 2639 852 2689 ἐξό,
885 2639 971 2680 εἰσό
998 2647 1119 2696 atque
1147 2653 1196 2679 ex
1224 2638 1339 2679 iuis?
1379 2639 1432 2677 lis
1462 2644 1521 2678 est
1549 2639 1887 2691 respondendum,
1914 2639 1957 2677 id
1987 2639 2041 2677 ob
2085 2634 2235 2677 nullam
