2413 3051
1200 126 1256 166 13

213 246 333 284 aliam
362 255 523 292 causam
550 242 701 281 factum
730 254 826 295 esse,
855 246 976 291 quam
1006 237 1116 289 quod
1132 237 1279 282 Graeci
1302 250 1435 281 amore
1459 237 1636 290 quodam
1664 241 1843 277 neutrum
1883 236 2051 288 pluralis
2087 237 2243 290 ample-

214 311 423 351 ctebantur
450 308 631 347 adverbii
660 307 765 346 loco.
815 306 1079 358 ‘Quapropter
1103 309 1261 356 praeter
1279 303 1489 353 ,adverbia
1504 304 1581 343 ista
1615 303 1657 348 in
1685 316 1717 342 ω
1743 302 1964 342 excidentia
1992 303 2245 343 inveniuntur

209 379 329 418 etiam
358 376 466 425 talia,
495 388 597 426 quae
626 375 774 412 exitum
798 373 845 412 iu
873 385 901 412 α
930 371 1092 420 habent,
1120 376 1166 409 ut
1193 366 1288 418 ἅνω,
1318 368 1510 423 ἀνωτέρω,
1540 366 1736 411 ἀνωτάτω
1763 374 1803 408 et
1831 367 2042 410 ἀνώταταε
2075 393 2132 400 -
2174 370 2241 409 κά·

208 456 279 492 τω,
308 440 526 494 καταπέρω,
555 435 775 479 κατωτάτω
802 442 843 477 et
869 434 1170 477 κατώταταε-
1186 433 1336 490 πρόσω,
1363 437 1611 490 προσωτέρω,
1639 433 1890 490 προσωτάτω
1917 441 1957 476 et
1984 434 2242 496 προσώτατα.

209 507 350 559 Itaque
379 505 471 555 ἀνά,
499 502 626 552 κατά,
654 504 715 553 ἐξ,
746 504 825 553 εἰς,
852 500 955 558 πρός
982 502 1297 555 praepositiones
1327 515 1407 541 non
1436 515 1484 542 ex
1509 503 1607 555 ipsis
1637 501 1838 543 adverbiis
1868 497 1971 549 ἄνω,
2000 500 2128 550 κάτω,
2158 500 2242 551 ἔξω,

210 572 315 621 εἵσω,
345 571 484 624 πρόσω
510 576 600 610 suut
626 576 747 618 ortae,
777 569 848 608 sed
876 569 1042 620 proprie
1071 573 1206 607 neutra
1233 568 1402 620 pluralis
1434 574 1536 617 sunt,
1564 581 1732 619 quorum
1759 568 1841 607 alia
1869 568 2050 626 restricto
2080 574 2243 607 accentu

158 680 161 683 Α
207 639 287 676 alia
324 639 455 677 forma
492 649 606 676 casus
642 649 804 688 prorsus
845 634 1020 686 abjecta·
1039 634 1080 672 iu
1100 634 1450 687 praepositionum
1478 645 1592 673 usum
1623 634 1801 673 abierunt
1870 633 2086 686 Adjectiva
2116 640 2245 672 autem

206 703 359 755 harum
389 702 730 755 praepositionum
759 696 870 748 ἅνος,
911 697 1055 747 κάτος,
1084 696 1182 747 ἔξος,
1211 697 1315 747 ἔσος,
1344 696 1499 751 πρόσος
1521 698 1802 738 interciderunt
1828 699 2103 752 temporibus;
2132 712 2246 739 com-

205 767 376 818 parativi
415 773 454 805 et
492 759 722 818 superlativi
758 766 799 803 in
837 777 913 803 usu
942 770 1188 812 manserunt,
1215 768 1260 803 ut
1288 761 1512 817 ἅνώτερος,
1542 760 1771 814 ἀνούτατος,
1799 761 2036 818 κατώτερος,
2065 762 2246 805 amaita-

206 844 291 880 τος,
322 829 512 884 ἑξώτερος
540 830 749 880 ἐξώτατσς,
778 828 984 883 ἐσώτερος,
1012 828 1226 877 ἐσώτατος,
1254 828 1522 882 προσώτερος,
1548 827 1821 882 προσώτατος.

317 896 380 935 De
407 898 706 949 praepositione
744 893 826 936 ἀπό
863 908 942 935 uon
981 908 1085 947 opus
1124 900 1183 935 est
1220 895 1423 946 copiosius
1453 895 1600 935 dicere.
1659 895 1763 933 Nota
1791 894 1876 947 ejus
1901 901 2049 934 natura.
2106 895 2244 933 Primo

210 962 316 1002 enim
343 962 435 1016 lss’
465 960 558 1015 οἷπῷ
585 960 728 1015 τόπῳ,
747 966 896 1002 remoto
925 959 1024 1011 loco,
1054 961 1274 1010 dicebatur,
1295 967 1339 1000 ut
1368 958 1462 1013 ἀπιῇ
1490 963 1567 1013 τῆς
1594 959 1792 1013 πατρίδος
1818 960 1942 1013 τόπῳ,
1982 961 2066 1000 loeo
2094 965 2243 1000 remoto

205 1040 232 1066 a
248 1027 408 1081 patria„-
437 1033 522 1067 tum
541 1028 704 1069 liberius
735 1025 825 1069 ἀπα)
851 1029 928 1082 τῆς
945 1024 1154 1080 πατρίδος,
1183 1025 1327 1081 procul
1344 1039 1367 1065 a
1386 1026 1537 1079 patria3
1567 1033 1788 1079 prostremo
1818 1025 1900 1068 ἀπὸ
1928 1029 2006 1081 τῆς
2033 1023 2240 1080 πατρίδος.

207 1093 366 1132 Motum
397 1093 609 1145 desig-naus
639 1108 663 1132 a
691 1097 784 1133 loco
811 1094 1059 1145 praepositio
1087 1099 1227 1144 postea
1254 1093 1389 1130 multis
1419 1092 1549 1129 modis
1579 1099 1637 1131 est
1666 1098 1871 1145 usurpata.

319 1158 440 1208 Quod
469 1159 522 1198 ad
549 1156 630 1199 rino
657 1160 996 1213 praepositionem
1025 1158 1183 1208 attinet,
1205 1163 1264 1198 est
1291 1158 1362 1196 illa
1389 1163 1539 1197 mutato
1568 1172 1602 1211 ψ
1630 1159 1672 1198 in
1701 1173 1732 1198 π
1758 1164 1849 1198 nata
1878 1171 1926 1198 ex
1954 1157 2106 1197 abolito
2134 1158 2242 1209 ύψῷ,

205 1224 341 1263 dativo
371 1223 563 1276 adjectivi
590 1222 696 1277 ύψός
725 1224 893 1275 ‚,altus,“
917 1224 1033 1277 cuius
1062 1225 1261 1277 genitivus
1288 1224 1400 1276 ὑψοῦ
1429 1223 1536 1263 solus
1566 1229 1738 1263 servatus
1767 1229 1838 1263 est.
1867 1223 2074 1263 Praeterea
2092 1222 2246 1273 aliquot

205 1290 396 1329 adverbia
433 1288 565 1339 poetis
599 1290 749 1328 'usitata
778 1296 1013 1342 supersunt,
1050 1295 1094 1328 ut
1120 1287 1270 1343 ὑψόσε,
1298 1287 1457 1342 ὑψόθι,
1486 1287 1674 1342 ὑψόθεν,
1710 1288 1807 1342 dipl,
1843 1287 2049 1342 ὑψοτάτω.
2108 1287 2246 1327 Prima

204 1355 329 1409 igitur
368 1353 609 1408 significatio
648 1354 770 1407 hujus
806 1357 1114 1409 praepositionis
1155 1361 1234 1395 est:
1265 1355 1347 1394 alto
1375 1356 1490 1404 loco,
1520 1356 1621 1405 alte,
1651 1356 1843 1405 sublime,
1874 1368 1976 1406 quae
2005 1356 2046 1393 in
2076 1353 2243 1393 Homeri

204 1422 383 1461 versibus
424 1426 483 1460 est
522 1421 803 1474 cognoscenda
840 1421 972 1461 hisce:
1009 1421 1091 1462 Od.
1119 1422 1195 1471 lx,
1227 1421 1323 1462 14⁰.
1367 1421 1431 1461 ἐπὶ
1468 1422 1616 1475 κρατὸς
1652 1422 1811 1473 λιμένος
1849 1421 1928 1474 ῥέει
1956 1418 2108 1469 ἀγλαὸν
2134 1418 2244 1472 ὕδωρ

204 1484 331 1540 κρήνη
368 1487 449 1526 ὑπὸ
478 1484 659 1534 σπείους,
700 1498 721 1525 e
748 1498 867 1539 specu
890 1484 986 1540 fons
1008 1486 1234 1540 prorumpit
1261 1486 1303 1525 ὑι
1331 1485 1478 1538 altum3
1514 1511 1557 1517 —
1599 1489 1717 1529 Iliad.
1744 1487 1847 1536 xlx,
1877 1485 1942 1524 16.
1971 1487 2025 1534 ὠς
2058 1482 2151 1534 εἶδ’,
2190 1485 2244 1535 ὥς

203 1566 277 1604 μιν
304 1551 458 1604 μᾶλλον
487 1549 556 1590 ἔδυ
584 1550 727 1602 χόλος·
757 1552 801 1591 ἐν
831 1549 878 1592 δέ
903 1555 943 1592 οἱ
969 1551 1067 1593 ὄσσε
1097 1551 1233 1593 δεινὸν
1259 1553 1338 1592 ὑπὸ
1367 1551 1589 1608 βλεφάρων,
1618 1552 1856 1602 ώσεὶρσελας
1881 1549 2150 1604 ἐξεφάανθεν,
2172 1550 2245 1590 sub

200 1616 406 1671 palpebris
442 1616 672 1670 aspicienti
707 1615 814 1658 oculi
846 1623 1039 1659 arserunt.
1083 1641 1126 1648 -
1176 1618 1290 1667 Quae
1324 1624 1455 1658 autem
1493 1620 1534 1658 in
1562 1620 1686 1659 altum
1724 1618 1956 1668 ascendunt,
1996 1631 2043 1658 ea
2070 1617 2245 1657 habeant

208 1695 370 1722 necesse
400 1681 473 1732 est,
503 1684 611 1723 unde
640 1689 790 1723 exeant.
847 1684 988 1736 Itaque
1026 1684 1148 1723 altera
1176 1683 1324 1722 exstitit
1351 1684 1590 1737 significatio
1629 1683 1722 1735 e‘ub,
1761 1697 1811 1724 ex
1846 1697 1927 1736 qua
1966 1684 2113 1726 ductae
2155 1691 2245 1724 sunt

205 1762 341 1788 omnes
373 1754 526 1789 ceterae
555 1750 879 1803 significatione&
910 1763 1008 1802 quas
1039 1749 1186 1789 deiude
1215 1749 1317 1789 haec
1344 1751 1589 1801 praepositio
1619 1755 1735 1790 nacta
1763 1755 1835 1789 est.

315 1813 400 1854 Ἐπί
425 1820 465 1854 et
492 1813 586 1868 περί
621 1814 937 1868 praepositiones
974 1815 1113 1856 ceteris
1153 1814 1281 1868 magis
1311 1814 1538 1856 decurtatae
1567 1830 1652 1857 esse
1683 1816 1883 1857 videntur.
1952 1815 2101 1855 Forma
2139 1816 2244 1855 euim

205 1880 513 1933 praepositionis
542 1879 656 1933 πέριξ
685 1879 878 1934 (πέριξα),
908 1895 986 1933 qua
1015 1881 1197 1934 inprimis
1217 1881 1583 1931 Jonesutebantur,
1612 1880 1806 1930 adducor,
1826 1887 1872 1920 ut
1899 1880 1988 1919 ilias
2019 1894 2068 1919 ex
2095 1879 2244 1920 ἔπισσα

206 1952 245 1986 et
265 1946 451 1999 πέρισσα,
479 1947 544 1986 vel
571 1946 704 1999 potius
734 1946 881 1988 ἕπιττα
898 1953 938 1987 et
957 1946 1138 1999 πέριττα,
1169 1951 1307 1987 neutro
1337 1946 1626 1999 adjectivorum
1655 1947 1825 1995 ἔπισσος
1847 1954 1886 1986 et
1907 1947 2108 1997 πέρισσος,
2138 1954 2243 1985 ortas

205 2024 291 2051 esse
318 2011 494 2052 credam.
553 2010 710 2052 Literae
739 2023 786 2062 σ,
815 2025 863 2062 τ,
894 2012 915 2062 ξ
944 2025 1063 2066 saepe
1091 2016 1394 2053 commutantur.
1472 2012 1731 2066 Adjeetivum
1769 2012 1940 2061 ἔπισσος
1976 2025 2054 2052 uno
2092 2017 2242 2052 tantum

203 2079 295 2116 loeo
325 2078 441 2116 nobis
470 2083 667 2116 servatum
696 2084 769 2118 est.
824 2079 1044 2117 Hecataeus
1074 2078 1179 2116 enim
1206 2089 1306 2116 voce
1333 2076 1498 2117 ἔπισσαι
1527 2091 1622 2118 usus
1652 2085 1724 2128 est,
1754 2091 1874 2131 quam
1893 2077 2140 2133 grammatici
2170 2089 2244 2129 per

203 2141 522 2193 ἐπιγιγνόμεναι,
553 2142 620 2181 die
648 2142 988 2194 Nachgeboruen,
1017 2145 1332 2194 interpretantur.
1389 2142 1625 2197 Etymolog.
1654 2158 1790 2198 magn.
1820 2139 1862 2195 §.
1889 2142 1985 2189 596,
2011 2142 2080 2184 32.
2111 2143 2244 2181 exibet

203 2206 380 2248 haecce:
420 2206 589 2255 ἑπίσσας
626 2206 822 2256 λέγεσθαι
850 2206 1034 2258 Ἰωνικῶς,
1063 2207 1155 2262 παρ’
1186 2205 1395 2260 Ἑκαταίῳ,
1424 2206 1539 2249 ἔστιν
1566 2208 1734 2250 ἔπισσαι
1762 2214 1806 2250 αι’
1832 2207 2128 2260 ἐπιγιγνόμεναι
2155 2212 2244 2256 τοῖς

204 2270 429 2324 προγόνοις.

316 2336 507 2390 Περιττά
526 2351 571 2378 ea
591 2343 691 2388 sunt,
713 2352 816 2390 quae
838 2339 1003 2379 modum
1023 2340 1228 2389 excedunt,
1249 2352 1372 2391 supra
1393 2341 1559 2380 modum
1579 2350 1683 2392 sunt,
1705 2342 1912 2381 excellunt.
1945 2340 2014 2379 Sic
2036 2339 2240 2379 Hesiodus

202 2401 379 2456 περισσὰ
408 2402 530 2458 δῶρα,
560 2403 717 2459 eqreqt'a
736 2404 854 2454 dona,
884 2406 996 2445 dicit.
1026 2406 1180 2446 Eadem
1210 2411 1270 2445 est
1299 2406 1418 2446 etiam
1443 2408 1750 2461 praepositionis
1780 2406 1846 2447 ἐπί
1871 2407 2002 2458 prima
2032 2407 2241 2458 significa-

203 2470 274 2518 tio,
304 2482 407 2521 quae
436 2470 558 2509 latine
586 2481 660 2522 per
687 2470 1002 2523 praepositiones
1030 2483 1166 2524 supra,
1193 2483 1307 2525 prae,
1335 2474 1564 2525 germanice
1591 2489 1665 2527 per
1690 2472 1788 2513 iiber
1814 2473 1913 2511 verti
1938 2477 2084 2524 potest.
2120 2472 2241 2511 Hom.

203 2533 288 2574 Οᾶ.
317 2535 382 2582 lv,
409 2535 507 2573 722.
544 2535 635 2589 πέρι
669 2534 748 2589 γάρ
773 2549 845 2588 μοι
872 2534 1086 2587 Ὀλύμπιος
1099 2544 1102 2546 “
1115 2531 1218 2585 ἄλγε’
1248 2535 1394 2577 ἔδωκεν
1431 2540 1473 2577 ἐκ
1500 2540 1680 2588 πασέων,
1718 2549 1841 2591 supra
1868 2535 2052 2588 modum,
2091 2536 2241 2577 eximie,

202 2597 385 2649 abunde,
414 2601 577 2640 ηἰηιὶιιηι
616 2602 823 2641 doloribus
852 2616 917 2641 me
946 2603 1099 2648 affecit3
1129 2604 1200 2641 ubi
1229 2603 1320 2655 πέρι
1348 2603 1456 2642 idem
1486 2612 1545 2643 est
1573 2605 1683 2656 quod
1711 2603 1906 2657 περιττάε
1924 2625 1978 2632 -
1998 2603 2115 2642 Iliad.
2144 2603 2243 2643 vlu.

202 2662 300 2702 161.
346 2664 520 2718 Τυδείδη
559 2666 649 2719 πέρι
687 2667 761 2718 μέν
799 2679 845 2707 σε
882 2666 970 2707 τίον
1003 2666 1159 2708 Δαναοὶ
1183 2667 1295 2725 Ιἕδρῃ
1322 2681 1369 2709 τε
1397 2670 1557 2722 κρέασιν
1585 2668 1619 2708 τ’
1648 2668 1723 2722 ἠδὲ
1751 2668 1904 2719 πλείοις
1933 2667 2168 2717 δεπάεσσιν,
2206 2673 2246 2709 te

202 2740 326 2783 maqrs
355 2743 474 2783 quam
501 2731 624 2783 alios,
662 2738 699 2772 te
720 2733 934 2787 praecipue
962 2731 1229 2782 honorabant3
1262 2755 1315 2763 —
1355 2734 1436 2776 Od.
1465 2734 1581 2783 XIV,
1612 2734 1707 2776 146,
1737 2735 1826 2789 πέρι
1856 2734 1932 2789 γάρ
1958 2733 1998 2787 μ’
2028 2733 2152 2789 ἐφίλει
2180 2736 2244 2778 καὶ
