2413 3051
1172 142 1228 184 15

294 262 500 300 Praeterea
529 256 607 299 σύν
628 257 885 310 praepositio
909 255 1059 307 pariter
1081 258 1203 305 atque
1234 254 1480 307 adjectivum
1507 253 1643 304 κοινός
1671 268 1762 294 cnm
1798 257 1934 296 dativo
1956 250 2222 309 'conjungitur

182 327 321 378 ltaque
359 325 538 370 transitio
576 323 755 364 adverbii
794 322 848 362 ad
875 318 1214 375 praepositionem
1239 319 1370 360 facilis
1408 321 1507 370 fuit,
1546 319 1594 359 id
1622 320 1734 372 quod
1762 323 1989 375 exemplum
2017 321 2147 362 hocce
2175 336 2222 361 ex

182 390 402 443 Sophoclis
431 390 559 442 Ajace
585 404 643 430 vs.
660 387 746 427 578
775 387 981 427 manifeste
1010 385 1150 424 docet:
1179 381 1235 424 τὰ
1266 383 1299 424 δ’
1330 381 1431 426 ἄλλα
1458 384 1589 443 τεύχῃ
1617 384 1712 426 κοίν’
1742 386 1828 440 ἐμοὶ
1855 385 2121 443 vestiverat:
2150 388 2222 428 ubi

182 456 275 497 κοίν’
292 455 392 507 ,ἐμοί
417 456 526 496 idem
555 461 626 503 est,
655 454 771 505 quod.
796 451 869 503 ξύν
897 451 999 505 ἐμοί.
1019 473 1072 480 -

240 555 242 558 ,
289 519 417 569 Meto}
446 521 693 574 (germanice
721 521 815 572 mit)
845 532 894 559 ex
923 522 1066 558 neutro.
1088 516 1262 568 pluralis.
1282 516 1386 568 μέτα
1415 515 1606 567 adjectivi
1635 517 1770 568 μέσος,
1797 518 1933 569 μέτος,
1963 519 2131 568 medius,
2150 533 2219 558 ex-

180 586 293 626 stitit.
320 585 478 625 Literae
508 598 535 625 σ
563 592 602 625 et
629 599 656 624 τ
685 599 775 625 cum
797 584 1157 637 apudflpmerum,
1181 587 1272 621 tum.
1293 581 1404 633 apud
1419 582 1574 627 Atticos
1603 583 1834 634 saepissime
1852 590 2155 632 commutantur,
2184 592 2222 622 et

182 663 302 696 unum
347 650 535 702 idemque
578 650 819 695 vocabulum
864 649 988 688 modo
1027 658 1103 700 per
1140 655 1187 695 σ,
1224 646 1347 691 modo
1375 659 1453 703 per
1478 649 1506 687 ϊτ
1526 647 1718 701 scriptum
1743 647 1954 700 invenitur,
1985 654 2029 688 ut
2055 646 2221 699 μεταίχ-

177 730 274 767 μιον
302 722 345 755 et
368 715 625 768 μεσαίχμιον,
653 714 851 767 μέταυλος
878 719 918 753 et
946 711 1154 764 μέσᾳυλος.
1181 733 1240 740 —
1281 706 1410 755 Maso}
1439 717 1622 762 neutrum
1649 714 1816 766 pluralis
1845 719 2013 768 accentu
2042 715 2096 753 ad
2126 714 2222 753 ulti·

178 795 285 820 mam
323 780 502 820 restricto
541 782 719 833 primum
755 779 1057 826 adverbialiter,
1099 782 1141 815 ut
1179 776 1297 829 Iliad.
1327 779 1373 828 11,
1402 778 1501 828 443,
1535 777 1651 835 427„
1674 799 1730 807 —
1767 779 1901 828 xvul,
1927 778 2043 828 515„
2075 779 2223 819 deinde

179 860 254 900 pro
283 846 582 899 praepositione
610 851 671 889 est
697 845 961 891 collocatum;
989 848 1028 883 et
1056 842 1222 894 proprie
1249 844 1446 898 quicquid
1474 844 1579 887 inter:
1605 843 1710 886 duas
1732 849 1863 896 partes
1886 850 1947 887 est
1971 845 2224 898 interjectum

179 912 392 964 significat,
463 911 704 962 Respondet
727 908 1027 961 quodammodo
1057 907 1299 961 Germanico
1328 908 1545 959 zwiseloen,
1575 908 1686 960 quod
1715 901 1763 948 ei
1791 908 1984 960 wishem,
2015 910 2121 960 bini,
2150 923 2220 950 ex-

178 983 307 1016 ortum
337 983 409 1015 est·
454 976 514 1013 lta
541 975 797 1027 μεταίχμιον,
826 989 875 1014 ex
902 971 1008 1026 μετά
1037 978 1081 1010 et
1106 971 1234 1025 αἰχμή
1264 976 1544 1028 compositum,
1573 976 1759 1028 spatium,
1791 976 1980 1025 quodest
1997 977 2097 1015 inter
2117 978 2219 1015 duos

182 1043 396 1089 exercitus,
441 1040 604 1081 indicat.
668 1041 919 1093 Multiplices
955 1038 1050 1076 inde
1085 1037 1393 1089 significationes
1431 1055 1455 1078 a
1485 1041 1615 1079 nativa
1644 1041 1788 1079 ductae
1817 1046 1920 1090 sunt,
1950 1055 2049 1092 quas
2079 1056 2219 1081 omnes

179 1107 407 1147 enumerare
453 1106 599 1145 limites
648 1106 771 1158 hujus
817 1103 1158 1146 commentationis
1205 1115 1285 1154 non
1328 1105 1574 1152 concedunt,
1623 1106 1808 1151 omnibus
1846 1111 1978 1145 tamen
2018 1113 2111 1145 nota
2149 1108 2220 1145 illa

177 1170 424 1224 principalis,
443 1171 591 1212 subest.
649 1173 712 1211 Ex
740 1171 874 1210 multis
904 1170 986 1209 duo
1014 1173 1167 1213 tautum
1195 1169 1378 1221 exempla
1406 1168 1639 1220 afferamus,
1692 1171 1733 1209 in
1768 1170 1917 1229 fluibus
1954 1172 2068 1225 prior
2094 1171 2218 1225 hujus

176 1237 486 1289 praepositionis
515 1250 610 1276 usus
637 1242 772 1288 potest
798 1237 991 1288 intelligi:
1031 1235 1114 1281 od.
1144 1235 1201 1283 X„
1226 1230 1489 1291 320.·Ἐρχξο
1517 1239 1592 1275 νῖν
1621 1235 1830 1290 συφεόνδε,
1859 1236 1946 1288 μετ’
1976 1234 2107 1277 ἄλλων
2134 1237 2222 1286 λέξο

177 1301 366 1354 ἑταίρων]
394 1303 460 1342 abi
480 1315 585 1342 nunc
613 1302 654 1340 in
683 1301 823 1340 haram
851 1314 1067 1353 porcorum
1095 1305 1141 1338 et.
1163 1299 1350 1338 recumbe
1374 1299 1509 1339 locum
1538 1303 1700 1354 capiens
1729 1303 1830 1343 inter
1857 1308 2008 1342 ceteros
2035 1302 2219 1354 hospites

177 1369 367 1416 medium,
396 1368 424 1407 i.
455 1381 490 1406 e.
520 1367 708 1406 recumbe
738 1367 838 1406 inter
865 1372 1015 1406 ceteros
1045 1364 1248 1415 hospites3
1280 1386 1334 1392 -
1364 1365 1481 1406 lliad.
1523 1368 1621 1408 xlu.
1660 1364 1768 1420 μετὰ
1796 1366 1989 1406 Βοιωτῶν
2016 1365 2221 1419 ἐμάχοντο

178 1434 355 1475 medium
391 1422 710 1472 interBoeotios
739 1433 875 1471 locum
902 1437 1090 1480 tenentes,
1119 1426 1147 1471 i.
1179 1445 1213 1470 e,
1243 1443 1335 1470 cum
1364 1432 1412 1471 iis
1442 1433 1656 1486 conjuncti,
1674 1434 1989 1486 pugnabant.—
2015 1423 2221 1481 Quemad-

179 1502 344 1541 modum
373 1498 497 1552 μέσος
534 1497 778 1550 adjectivum
816 1510 909 1538 cum
946 1497 1122 1550 genitivo
1152 1501 1198 1536 et
1221 1496 1357 1536 dativo
1385 1500 1646 1548 construitur,
1685 1499 1743 1538 sic
1772 1504 1812 1538 et
1839 1498 2083 1550 praepositio
2112 1498 2220 1550 μετά

171 1566 319 1606 ‘iisdem
348 1565 506 1604 casibus
536 1562 795 1617 conjungitur
822 1563 874 1603 ab
902 1562 1093 1612 Homero,
1121 1562 1175 1601 ad
1203 1574 1304 1613 quos
1334 1562 1523 1617 deinceps
1553 1564 1842 1617 significatione
1869 1564 2095 1615 paullulum
2126 1577 2216 1603 mu-

175 1637 257 1670 tata
284 1630 534 1669 accusativus
564 1629 744 1668 accessit·

286 1691 418 1746 Παρά
437 1694 587 1746 pariter
604 1698 723 1743 atque
741 1688 846 1743 μετά
865 1695 1045 1744 neutrum
1062 1691 1244 1744 pluralis,
1266 1693 1446 1732 restricto
1466 1693 1519 1732 ad
1537 1694 1657 1733 finem
1675 1698 1854 1741 accentu,
1883 1693 2057 1744 primum
2075 1693 2219 1733 adver-

176 1760 300 1806 bium,
329 1764 424 1811 post
440 1758 684 1810 praepositio
704 1757 899 1796 estfacta.
930 1755 975 1793 ln
1004 1760 1213 1807 poetarum
1234 1757 1344 1796 libris
1363 1760 1481 1797 etiam
1499 1758 1639 1813 παραί,
1666 1757 1800 1810 μεταί,
1845 1757 1933 1797 ‘nat‘
1954 1758 2218 1799 inveniuntur.

178 1826 329 1865 Exorta
357 1826 488 1863 autem
516 1829 577 1862 est
604 1821 716 1876 παρά
745 1836 794 1862 ex
821 1819 964 1874 πάρος,
993 1823 1104 1872 quod
1134 1823 1377 1874 adjectivum
1406 1829 1557 1872 non‚ut
1583 1825 1700 1875 plura
1729 1824 1822 1872 alia,
1852 1837 1900 1862 ex
1930 1824 2075 1874 quibus
2101 1837 2220 1875 prae-

179 1890 396 1943 positiones
426 1889 635 1942 paullatim
664 1894 755 1929 sunt
783 1888 924 1937 factae,
952 1900 1027 1939 per
1054 1888 1327 1928 successiones
1351 1886 1544 1940 quasdam
1571 1894 1630 1928 est
1657 1889 1862 1930 traditnm.
1919 1891 2059 1929 Restat
2089 1897 2220 1930 autem

178 1955 413 1993 adverbium
448 1955 639 2007 temporis
678 1952 829 2006 πάρος,
867 1949 948 2004 qu‘o
994 1952 1178 2004 inprimis
1214 1953 1412 1993 Homerus
1448 1967 1542 1994 usus
1581 1961 1653 1994 est.
1716 1956 1810 1997 Uno
1839 1962 1992 1995 tantum
2020 1957 2060 1995 in
2091 1970 2220 2007 versu,

180 2020 298 2059 Iliad.
329 2021 426 2068 vlu,
454 2019 539 2062 254
569 2019 700 2071 πάρος
726 2020 907 2057 localiter
935 2018 1086 2059 dictum
1116 2032 1191 2070 pro
1221 2021 1518 2071 praepositione
1546 2027 1617 2060 est.
1676 2022 1805 2070 Quem
1833 2035 1947 2059 usum
1978 2023 2155 2061 adverbii
2185 2023 2218 2061 si

179 2099 272 2126 cum
306 2085 509 2126 tritissima
546 2086 616 2135 illa
655 2085 967 2137 significatione,
996 2098 1117 2134 quam
1156 2091 1297 2136 postea
1323 2087 1449 2133 tenuit
1477 2083 1591 2137 παρὰ
1617 2089 1889 2138 praepositio,
1920 2088 2215 2133 contulerimus,

178 2152 291 2193 illam
318 2150 449 2203 primo
479 2151 591 2195 initio
621 2162 689 2199 eas
709 2163 812 2200 quae
844 2150 1029 2202 proxima
1049 2156 1141 2191 aute
1170 2150 1372 2191 hominem
1401 2164 1518 2203 quem
1548 2152 1613 2191 vel
1653 2166 1735 2192 rem
1764 2161 1875 2201 sunt,
1914 2153 2111 2192 indicasse
2139 2166 2216 2206 ap-

181 2217 349 2270 parebit.
411 2217 551 2254 lnnuit-
579 2216 659 2255 hoc
696 2216 894 2254 Homerus
932 2216 972 2254 in
1011 2216 1093 2256 od.
1123 2215 1280 2266 1,154
1301 2217 1432 2256 verbis
1460 2214 1592 2256 hisc‘e:
1636 2218 1801 2272 Φιῖιιιος
1831 2216 1946 2270 ἤειδε
1977 2216 2089 2270 παρὰ
2118 2231 2216 2270 μνη-

181 2285 354 2336 στῆρσιν
381 2280 554 2336 ἀνάγκη,
604 2294 735 2325 coram
758 2280 900 2335 procis
920 2280 1091 2320 canebat
1110 2287 1293 2334 eoactrte5
1312 2303 1366 2311 —
1383 2283 1564 2321 similiter
1579 2284 1766 2322 Dinarch.
1784 2285 1823 2321 in
1843 2290 1938 2321 orat„
1958 2283 1998 2321 in
2017 2283 2136 2321 Arist.
2160 2283 2217 2322 89

181 2346 382 2400 προδοσία
410 2347 620 2401 κρινομένη
648 2345 735 2399 παῤ
761 2347 876 2398 ὑμῖν;
907 2368 960 2375 ·—
1000 2348 1211 2386 Demosth
1242 2347 1299 2388 37
1327 2346 1552 2401 ἀνθρώπου
1590 2348 1701 2402 δίκην
1731 2346 1952 2397 δεδωκότος
1973 2347 2074 2400 παρ’
2101 2349 2217 2399 ύμΐιω

184 2435 237 2444 -
257 2412 414 2452 Aeech.
444 2413 496 2451 de
524 2412 554 2451 f.
580 2412 660 2463 leg.
689 2411 776 2450 226
810 2425 891 2451 των
930 2411 995 2452 ἐπὶ
1030 2414 1105 2451 τοῦ
1145 2410 1333 2464 βήματος
1369 2414 1456 2466 παρ’
1482 2417 1579 2465 ύμῖν
1603 2411 1728 2463 λόγων
1753 2415 1870 2464 ὑμεῖς
1909 2412 2130 2465 ἀκηκόατε.
2163 2438 2219 2444 —-

182 2477 390 2519 Demosth.
421 2478 463 2520 d.
489 2478 520 2519 f
549 2478 629 2531 leg
658 2474 697 2516 4
715 2474 772 2526 5,
802 2499 855 2507 ——
898 2477 1046 2519 Aesch
1074 2477 1126 2517 de
1153 2477 1184 2517 s
1214 2477 1296 2531 leg,
1327 2477 1436 2528 188,
1467 2502 1520 2509 —
1556 2478 1748 2519 Dinarch.
1779 2480 1819 2519 in
1850 2480 2059 2519 Demosth
2090 2481 2131 2519 4.
2163 2504 2217 2510 —

181 2544 274 2583 Hoc
302 2544 434 2584 Latini
463 2555 610 2593 coram,
639 2541 829 2583 Germani
858 2556 931 2584 vor.
959 2543 1110 2583 dicunt.
1143 2563 1195 2571 -—
1226 2543 1341 2590 Quae
1370 2551 1498 2583 antem
1527 2550 1617 2585 ante
1645 2558 1766 2596 qnem
1796 2550 1899 2594 sunt,
1928 2557 1975 2584 ea
2004 2546 2116 2597 quasi
2148 2559 2195 2583 ne

180 2610 421 2654 cessitudine
449 2609 622 2658 quadam
651 2610 753 2647 inter
781 2623 823 2647 se
851 2610 1156 2661 contingunturz
1186 2608 1294 2646 uude
1321 2610 1565 2659 praepositio
1595 2611 1927 2662 significationem
1950 2610 2073 2657 illam,
2097 2622 2216 2660 quam

180 2677 318 2723 postea
349 2672 518 2713 maxime
545 2673 759 2725 scriptores
788 2674 986 2722 tenebant,
1011 2676 1184 2726 praeter,
1212 2672 1336 2712 πώεα
1368 2675 1538 2725 accepit.
