2413 3051
162 1062 296 1124 Quae
314 1065 501 1106 orationis
518 1063 738 1118 particulae
757 1060 1073 1116 praepositiones
1090 1060 1341 1100 nominantur
1369 1072 1393 1098 a
1420 1057 1705 1112 grammaticis,
1740 1072 1811 1099 eae
1838 1060 1971 1113 primo
2001 1059 2117 1099 initio
2144 1059 2209 1099 ui-

160 1137 223 1178 hil
252 1133 383 1184 aliud,
423 1144 544 1185 quam
581 1128 771 1170 adverbia
808 1128 954 1168 localia
991 1127 1160 1167 fuerunt.
1227 1125 1360 1167 Testis
1398 1131 1459 1165 est
1487 1125 1711 1175 Homerus,
1748 1125 1790 1165 in
1821 1125 1936 1179 cujus
1966 1126 2209 1167 carminibus

160 1202 337 1257 plurima
370 1199 621 1238 inveniuntur
649 1196 844 1247 exempla,
879 1208 982 1246 quae
1010 1195 1054 1232 id
1082 1198 1220 1245 aperte
1249 1193 1407 1232 docent.
1464 1193 1647 1245 Linguae
1676 1193 1841 1232 cuilibet
1869 1194 1913 1232 id
1942 1199 2082 1232 natura
2110 1194 2210 1233 insi-

160 1275 246 1311 tum
275 1281 361 1307 esse
390 1265 557 1313 videtur,
588 1268 631 1302 ut
660 1262 833 1314 primum
862 1273 935 1312 per
964 1259 1140 1311 singulas
1169 1270 1289 1298 voces
1319 1257 1500 1311 singulae
1529 1257 1799 1309 exprimantur
1827 1260 2023 1301 notiones.
2083 1259 2210 1301 Casus

161 1335 242 1387 ipsi
271 1332 402 1372 eidem
431 1330 637 1369 notionum
666 1328 847 1367 relationi
876 1324 1115 1365 indicandae
1142 1324 1378 1373 inserviunt,
1423 1324 1477 1362 ad
1514 1337 1634 1375 quam
1663 1326 1983 1377 praepositiones
2012 1339 2213 1380 usurpau-

162 1404 242 1438 tur.
299 1397 369 1436 Sic
400 1396 548 1435 dicitur
572 1396 660 1440 ¹sine
689 1392 986 1447 praepositione
1013 1390 1140 1445 τρέχω
1164 1386 1345 1437 πεδίοιο,
1375 1388 1495 1441 νέφος
1521 1388 1710 1445 ἐφαίνετο
1738 1390 1884 1444 ὀρέων,
1914 1390 2043 1440 βαίνω
2070 1394 2212 1433 πᾶσαν

165 1461 246 1517 τὴν
273 1462 439 1516 ἡμέραν.

278 1529 369 1578 Quo
410 1526 603 1578 majorem
640 1530 772 1563 autem
810 1522 958 1561 deinde
994 1520 1177 1559 homines
1218 1531 1383 1571 operam
1420 1520 1621 1559 collocant
1659 1522 1699 1560 in
1736 1522 1876 1560 animis
1911 1522 2062 1574 pariter
2089 1526 2211 1575 atque

164 1596 335 1648 ingeniis
366 1593 607 1638 excolendis,
636 1604 683 1628 eo
714 1589 843 1640 major
872 1588 993 1626 etiam
1020 1588 1065 1625 fit
1093 1586 1257 1638 linguae
1287 1585 1475 1624 accessio.
1542 1587 1651 1624 Tum
1677 1601 1755 1625 non
1784 1587 1958 1638 amplius
1988 1589 2211 1629 orationem

164 1660 277 1711 quasi
306 1659 497 1698 fluctuare
526 1657 741 1709 patiuntur,
771 1654 843 1694 sed
873 1653 1049 1706 singulas
1081 1651 1166 1704 ejus
1187 1656 1319 1704 partes
1349 1651 1569 1691 accuratius
1600 1652 1794 1692 definiunt
1824 1652 2023 1717 simulque
2050 1655 2211 1709 plenius

163 1731 201 1764 et
230 1725 446 1777 perfectius
476 1722 588 1773 loqui
620 1721 789 1758 student.
855 1720 946 1768 Qua
983 1733 1025 1757 re
1063 1717 1189 1756 oratio
1231 1730 1308 1755 non
1342 1718 1464 1755 modo
1495 1719 1699 1770 copiosior
1729 1718 1800 1757 sed
1830 1720 1950 1759 etiam
1980 1721 2211 1763 adstrictior

161 1791 445 1841 aliquantoque
474 1785 712 1826 contractior
739 1785 798 1823 fit.
828 1785 886 1825 Ut
915 1799 975 1823 res
1006 1785 1123 1830 enirn,
1153 1783 1270 1821 latius
1300 1789 1461 1835 patente
1491 1785 1695 1833 sententia,
1711 1785 1937 1826 distinctius
1968 1787 2211 1827 dilucidius-

161 1869 240 1907 que
266 1854 548 1907 exprimantur,
576 1855 707 1903 partes
739 1850 850 1899 illas,
894 1862 1060 1902 quarum
1090 1849 1191 1887 aliae
1221 1848 1318 1887 alias
1347 1849 1629 1898 determinant,
1668 1852 1783 1901 quasi
1812 1852 1983 1892 vinculis
2014 1853 2211 1907 adstringi

164 1934 268 1973 opus
299 1925 369 1959 est.
427 1920 567 1969 ltaque
597 1915 798 1963 adverbia,
838 1929 940 1967 quae
970 1914 1152 1967 inprimis
1182 1914 1493 1953 determinandis
1522 1915 1654 1954 verbis
1683 1916 1914 1966 inserviunt,
1942 1924 2011 1957 aut
2041 1920 2212 1972 propius

160 1986 214 2025 ad
253 1986 375 2025 verba
413 1984 627 2030 accedunt,
658 1987 701 2019 ut
731 1981 850 2020 Hom.
882 1981 996 2019 Iliad.
1028 1981 1053 2019 1.
1084 1980 1190 2028 XIII,
1222 1978 1319 2018 368.
1348 1982 1409 2032 τῷ
1440 1977 1484 2019 δὲ
1513 1980 1708 2033 Πρίαμος
1736 1979 1818 2020 ’ὑπὸ
1846 1980 2052 2033 τ’ἕσχετο,
2088 1984 2214 2024 adeo-

166 2064 245 2101 que
274 2062 367 2089 cum
395 2050 442 2088 iis
473 2048 572 2100 ipsis
604 2047 940 2100 conglutinantur,
970 2052 1013 2085 ut
1041 2046 1162 2085 Hom.
1192 2044 1275 2085 Od.
1305 2045 1333 2084 l.
1366 2044 1459 2094 IV„
1488 2045 1528 2085 6.
1567 2046 1770 2098 ὑπέσχετο
1801 2045 1866 2087 καὶ
1897 2048 2111 2090 κατένευσε
2140 2047 2213 2090 δω-

162 2117 339 2167 σεζαεναι,
360 2121 427 2152 aut
456 2114 488 2151 si
518 2113 807 2151 substantivum
839 2114 1045 2163 quoddam
1065 2112 1128 2150 vel
1149 2123 1370 2163 pronomen
1399 2110 1673 2161 determinant,
1704 2112 1752 2152 iis
1784 2125 1868 2150 sese
1896 2113 2215 2163 admovent,aut

165 2179 283 2219 simul
313 2183 351 2218 et
381 2179 503 2218 verbo
534 2183 572 2215 et
592 2178 740 2215 nomini
772 2192 813 2216 se
839 2178 1103 2230 conjungunt,
1132 2178 1188 2217 ita
1217 2182 1262 2215 ut
1291 2176 1352 2214 bis
1382 2177 1642 2218 collocentur.
1672 2178 1727 2216 Et
1755 2178 1848 2216 talia
1878 2179 2079 2229 adverbia,
2109 2194 2215 2232 quae

160 2245 243 2285 hoc
272 2244 394 2284 modo
426 2242 793 2295 conjungebantur,
835 2256 858 2280 a
888 2243 1158 2297 grammaticis
1190 2241 1505 2294 praepositiones
1544 2249 1635 2282 suut
1663 2243 1896 2282 nominatae.
1963 2243 2105 2296 Neque
2133 2245 2214 2286 im-

161 2313 316 2351 merito.
375 2310 484 2349 Huic
511 2308 614 2347 enim
643 2308 924 2347 adverbiorum
954 2299 1227 2360 conjunctioni
1256 2322 1348 2348 cum
1379 2309 1604 2349 nominibus
1643 2310 1740 2362 ipsis
1781 2315 1848 2348 aut
1877 2322 1969 2349 cum
1998 2312 2132 2351 verbis
2162 2313 2215 2352 ab

159 2377 328 2415 Homeri
366 2376 460 2413 inde
499 2374 746 2425 temporibus
775 2375 986 2424 paullatim
1016 2376 1073 2413 ita
1101 2374 1274 2412 assuevit
1303 2375 1463 2427 lingua,
1511 2381 1567 2423 ut,
1597 2375 1664 2413 ubi
1694 2379 1838 2426 poctae
1864 2381 2006 2427 postea
2034 2378 2215 2418 liberiori

159 2440 237 2480 isto
268 2440 429 2480 dicendi
460 2452 616 2493 genere,
638 2451 717 2491 quo
752 2439 833 2488 ille,
851 2444 1003 2478 utentes
1034 2438 1374 2492 praepositionem
1402 2439 1564 2478 seorsim
1593 2439 1897 2479 collocavissent
1926 2453 1950 2480 a
1969 2442 2107 2493 verbo,
2127 2456 2216 2485 eam

162 2507 390 2546 distraxisse
436 2506 673 2546 dicerentur.
762 2506 1083 2557 Praepositiones
1133 2510 1266 2544 autem
1306 2507 1349 2545 in
1389 2507 1564 2544 Homero
1610 2511 1699 2544 sunt
1749 2507 1805 2545 ita
1844 2514 2125 2561 comparata03
2173 2516 2218 2549 ut

162 2571 264 2610 aliae
281 2585 444 2623 prorsus
474 2572 559 2610 vim
588 2577 628 2610 et
656 2571 840 2610 virtutem
860 2570 1140 2610 adverbiorum
1158 2576 1320 2611 teneant
1338 2573 1452 2622 ,aliae
1463 2572 1549 2623 jam
1570 2572 1638 2620 ita,
1658 2573 2002 2623 quemadmodum
2021 2576 2219 2627 posterior

162 2641 268 2676 aetas
298 2649 436 2677 eorum
466 2628 584 2677 usum
613 2636 831 2687 constituit,
860 2636 1117 2677 collocentur.
1175 2637 1267 2677 Non
1296 2637 1438 2687 forma,
1473 2636 1545 2676 sed
1574 2649 1647 2677 usu
1680 2644 1721 2678 ot
1748 2639 2045 2693 significatione
2073 2640 2219 2682 distin-

159 2702 231 2755 gui
260 2703 388 2744 solent
405 2733 418 2754 ,
457 2710 502 2745 ut
536 2703 647 2744 idem
675 2704 842 2744 verbum
870 2716 975 2744 nunc
1004 2702 1238 2743 adverbium
1267 2716 1372 2744 nunc
1403 2703 1651 2756 praepositio
1680 2706 1735 2747 sit
1761 2707 2035 2749 existimanda.

1611 2775 1651 2808 1*
