2413 3051
1176 88 1205 128 4

270 194 595 250 Praepositiones
652 201 784 236 autem
841 210 916 250 per
973 211 1016 238 se
1072 200 1186 252 ipsae
1242 202 1407 255 proprie
1451 213 1528 242 non
1587 213 1724 243 casum
1781 206 1949 247 nominis
2007 207 2071 248 vel
2111 221 2211 261 pro-

158 263 332 302 nominis
398 267 568 323 regunt,
642 263 825 301 sednotio
883 265 994 302 verbi
1055 271 1094 303 et
1151 268 1459 319 praepositionis
1527 267 1741 320 conjuncta
1793 273 1837 311 id
1903 285 2042 312 munus
2108 274 2209 315 obit.

158 330 420 382 Quapropter
458 341 538 366 una
579 327 800 379 eademque
837 329 1086 381 praepositio
1115 330 1155 368 in
1187 344 1333 385 graeco
1364 345 1564 381 sermone,
1615 342 1738 385 prout
1774 350 1836 376 res
1864 339 2062 390 postulat,
2091 352 2211 392 saepe

158 400 239 435 tres
268 406 384 434 casus
413 392 601 443 admittit,
629 392 849 447 genitivum
880 406 1004 445 quum
1046 393 1152 434 unde
1191 396 1291 447 quid
1327 397 1479 446 veniat,
1522 400 1793 441 accusativum
1830 417 1955 454 quum
1994 418 2074 456 quo
2110 405 2210 457 quid

159 460 290 508 abeat,
320 460 502 498 dativum
531 471 655 509 quum
685 458 724 496 iu
756 471 837 509 quo
868 459 933 497 vel
963 460 1003 497 in
1034 471 1113 510 qua
1143 473 1185 498 re
1213 461 1312 511 quid
1343 463 1599 513 acquieverit,
1628 464 1839 507 indicatur.
1899 469 1984 509 Sed
2015 483 2092 510 non
2121 483 2209 510 om·

158 527 226 566 uia
254 526 466 574 adverbia,
505 538 608 575 quae
636 537 728 563 cum
759 525 919 563 nomine
942 525 1246 603 coniunguntur
1275 533 1318 565 ut
1347 526 1473 577 ἐγγύς,
1504 524 1620 578 ἄγχι,
1661 531 1855 584 πλησίον,
1894 536 2039 584 πέλας,
2077 537 2209 591 χωρίς,

158 590 307 648 πόρ’ρω,
336 589 459 639 ἐκτός,
487 588 668 644 ὑψόθεν,
698 588 897 639 ἐναντίον,
927 588 1066 631 ἀντίον
1095 585 1222 638 α’ντα,
1252 589 1440 645 ἀντικρύ,
1472 591 1602 642 ευθύ,
1631 596 1770 649 μέχρι,
1809 599 1886 638 alia
1917 600 2211 654 hujuscemodi,

159 659 255 699 ideo
282 664 371 698 sunt
400 655 720 710 praepositiones
750 657 974 704 nominata;
1005 670 1134 708 neque
1162 670 1255 696 vero
1285 658 1374 710 ipsa
1404 654 1503 698 α’νευ
1531 666 1570 699 et
1598 661 1732 711 ἕνεκα,
1772 678 1875 715 quae
1903 679 2098 718 nusquam
2126 668 2211 706 sine

159 725 342 780 genitivo
371 723 637 771 inveniuntur,
668 736 691 759 a
719 723 990 774 grammaticis
1020 723 1060 760 in
1090 722 1248 760 illarum
1279 725 1506 764 societatem
1537 732 1626 764 sunt
1656 736 1843 770 assumta.
1918 733 1963 770 ln
2000 733 2210 784 praeposi-

159 789 314 829 tionum
354 795 487 828 autem
527 799 691 827 numero
722 787 773 825 ab
803 788 976 838 antiquis
1006 790 1276 840 grammaticis
1315 790 1583 829 referebantur
1621 805 1667 829 ea
1697 800 1850 833 tantum
1879 797 2080 847 adverbia,
2110 811 2212 849 quae

152 856 243 909 jam
271 856 406 909 primo
437 856 489 894 ab
518 855 634 894 initio
673 859 763 892 sunt
793 853 978 891 adhibita
1017 853 1068 891 ad
1108 854 1188 892 loci
1229 855 1406 893 notiones
1445 856 1753 908 significandas,
1799 861 1998 914 simulque
2026 876 2100 902 usu
2128 864 2210 903 fre..

159 924 297 974 quenti
328 927 528 961 coarctata
558 926 696 973 postea
727 918 778 957 ad
823 917 1146 970 conjunctionem
1177 926 1217 958 et
1245 921 1486 959 connubium
1516 923 1628 972 quasi
1659 936 1750 962 cum
1778 926 1910 965 verbis
1940 928 2039 979 ipsis
2069 929 2209 968 ineun-

159 989 258 1026 dum
289 995 400 1026 erant
439 987 658 1040 aptissima.
717 985 819 1023 Sunt
836 983 1019 1021 -haeccez
1063 984 1132 1032 εἰς,
1161 985 1216 1033 ἐν,
1247 985 1300 1033 ἐξ,
1331 983 1424 1033 ἀπὸ,
1456 983 1537 1034 διά,
1566 985 1678 1039 πούς
1708 988 1784 1037 ἐπί,
1816 987 1908 1038 ἀνά,
1937 991 2055 1041 κατά,
2084 992 2208 1046 παρά,

158 1052 279 1107 μετά,
310 1051 399 1101 σύν,
430 1050 535 1100 ἀντί,
565 1049 679 1107 ἄμφ’,
710 1048 814 1103 περί,
844 1047 951 1102 πρό,
965 1049 1076 1102 ύπέρ,
1106 1047 1198 1089 ὑπό.

216 1122 332 1171 Quae
357 1119 674 1172 praepositiones
701 1115 891 1167 quoniam
917 1116 957 1153 in
981 1116 1137 1169 vulgari
1155 1127 1334 1155 sermone
1353 1114 1463 1153 haud
1488 1116 1608 1157 facile
1626 1119 1735 1169 solae
1757 1119 2022 1171 inveniuntur,
2051 1124 2122 1163 sed
2142 1130 2210 1164 aut

160 1200 254 1227 cum
266 1187 425 1226 nomine
440 1185 504 1223 vel
519 1183 773 1236 pronomine,
794 1186 862 1219 aut
878 1193 968 1219 cum
984 1182 1104 1219 verbo
1126 1195 1205 1232 quo
1223 1181 1543 1233 conjunguntur,
1570 1198 1686 1223 verae
1705 1186 1966 1225 nominamur,
2006 1189 2209 1228 lugerdam

160 1253 280 1293 etiam
300 1264 392 1290 cum
414 1249 615 1288 adverbiis
646 1252 940 1298 componuntur
970 1252 1013 1285 ιιι
1044 1247 1101 1295 εἰς
1128 1245 1235 1295 τότε,
1265 1249 1306 1285 ἐκ
1335 1245 1444 1294 τότε,
1475 1249 1533 1296 εἰς
1561 1251 1646 1296 νῦν,
1667 1248 1918 1304 ἔμπροσθεν,
1937 1250 2208 1301 κατόπισθεν,

159 1317 344 1366 ἐξοπίσω,
375 1315 579 1362 εἰσοπίσω,
602 1312 768 1361 ἔξωθεν,
790 1310 1002 1360 ἐκτόσθεν,
1021 1313 1061 1361 ἐξ
1077 1310 1246 1363 ὁμόθεν,
1265 1311 1536 1362 ἅπεντεῦθεν,
1559 1314 1839 1368 παραυτόθεν,
1862 1316 2106 1366 καταυτόθι,
2124 1318 2210 1370 παῤ

161 1382 338 1431 αὐτόθι,
370 1384 427 1431 εἰς
457 1380 525 1420 ὅτε
535 1411 547 1430 ,
578 1379 619 1429 ἐς
647 1373 718 1428 αὖ,
751 1378 910 1431 εἰσοψέ,
939 1378 1184 1433 προπέρυσι,
1217 1378 1274 1427 εἰς
1304 1376 1468 1428 αὐτίκα,
1499 1373 1749 1432 παραυτίκα,
1780 1380 1837 1434 ἐφ’
1869 1381 1990 1432 ἅπαξ,
2022 1381 2208 1433 εἰσάπαξ,

159 1447 381 1497 καθάπαξ,
413 1448 470 1496 εἰς
499 1445 712 1502 πρόσθεν,
760 1444 818 1492 εἰς
846 1446 895 1483 τὸ
925 1444 1136 1497 πρόσθεν,
1167 1444 1433 1497 ἐπίπροσθεν,
1463 1446 1674 1496 ἐπίπανχυ,
1704 1446 1768 1486 ἐπὶ
1796 1448 1962 1499 μᾶλλον,
1992 1447 2208 1501 ineundam,

159 1514 370 1564 ὑποκάτω,
400 1513 600 1569 ὑπεράνω,
631 1511 778 1560 beante,
809 1510 965 1562 mande,
997 1510 1164 1562 demde,
1194 1510 1339 1561 desub,
1369 1511 1651 1564 exadversum,
1680 1513 1872 1566 desuper,
1902 1513 2085 1566 ins-uper,-
2125 1521 2210 1553 tum

159 1587 292 1622 autem
320 1581 414 1620 illae
444 1579 779 1620 substantivorum
811 1577 917 1616 vices
947 1577 1109 1626 obeunt,
1139 1578 1193 1615 ita
1224 1584 1268 1616 ιιι
1298 1578 1356 1626 εἰς
1384 1576 1479 1617 τότε
1509 1593 1583 1631 pro
1615 1580 1672 1628 εἰς
1698 1581 1849 1619 ἐκεῖνον
1878 1580 1951 1618 τὸν
1979 1577 2139 1633 χρόνον,
2169 1580 2210 1618 ἐκ

159 1648 275 1697 τότε,
308 1648 366 1697 εἰς
395 1652 469 1686 νῦν
498 1659 573 1699 pro
604 1646 643 1694 ἐξ
673 1643 823 1683 ἐκείνου
851 1646 926 1682 τοῦ
955 1641 1116 1694 χρόνον,
1150 1645 1207 1692 εἰς
1231 1645 1305 1690 τὸν
1334 1644 1518 1697 παρόντα
1548 1645 1696 1698 χρόνον
1725 1646 1955 1685 collocetur.

273 1717 447 1768 Lingua,
479 1725 602 1763 quum
633 1711 760 1763 magis
791 1710 1004 1763 magisque
1042 1712 1196 1749 exculta
1237 1718 1275 1750 et
1313 1712 1491 1763 perfecta
1531 1713 1672 1751 multas
1704 1713 1873 1750 rationes
1906 1714 2106 1767 nonsatis
2139 1726 2211 1764 per

158 1784 248 1822 illas
280 1779 596 1834 praepositiones
626 1783 762 1829 posset
791 1776 1022 1827 exprimere,
1043 1789 1119 1814 non
1151 1777 1189 1814 in
1221 1777 1300 1814 illis
1331 1778 1543 1827 acquievit,
1574 1778 1642 1815 sed
1674 1779 1791 1828 plura
1820 1778 1898 1815 alia
1928 1779 2116 1817 adverbia
2148 1780 2211 1817 vel

158 1848 404 1888 substantiva
436 1843 617 1884 similiter
645 1841 839 1880 adhibere
872 1841 1018 1892 coepit,
1049 1855 1151 1891 quae
1180 1842 1463 1894 progrediente
1498 1849 1678 1894 tempore
1716 1844 1808 1894 plus
1839 1844 1967 1882 minus
1997 1843 2207 1894 praeposi-

156 1916 312 1954 tionum
343 1913 424 1951 vim
455 1916 494 1948 et
525 1913 758 1960 potestatem
788 1906 1019 1954 induebant,
1050 1913 1093 1943 nt
1123 1902 1236 1954 ἄνευ,
1268 1905 1396 1959 πλήν,
1426 1906 1600 1957 μεταξύ,
1631 1908 1739 1959 ἅμα,
1771 1908 1879 1958 δίχα,
1910 1909 2020 1961 τῆλε,
2051 1907 2208 1960 νόσφιν,

159 1980 289 2028 ἕνεκα,
321 1976 455 2029 χάριν,
487 1974 612 2027 δίκην,
643 1986 775 2021 causa,
803 1972 948 2026 qratia,
978 1971 1117 2020 instar,
1144 1971 1300 2023 procul,
1330 1973 1488 2022 aliaque
1516 1973 1812 2025 hujuscemodi.

274 2046 388 2093 Quae
415 2055 539 2093 quum
568 2041 607 2078 in
639 2039 795 2091 vulgari
824 2039 962 2090 lingua
993 2049 1113 2088 saepe
1142 2037 1259 2074 etiam
1296 2038 1379 2077 sine
1408 2050 1503 2076 casu
1534 2039 1790 2085 collocentur,
1830 2038 1988 2089 spuriae
2018 2038 2209 2077 diceban-

157 2116 223 2150 tur
251 2109 584 2163 praepositiones.

254 2175 480 2215 intercessit
510 2172 718 2227 paullatim
748 2171 849 2209 inter
878 2168 1065 2208 adverbia
1095 2172 1134 2206 et
1162 2167 1480 2219 praepositiones
1511 2168 1723 2208 discrimen
1753 2167 1894 2215 hocce,
1925 2173 1967 2205 ut
1994 2168 2067 2207 illa
2098 2183 2207 2210 suam

159 2249 338 2282 naturam
370 2243 688 2294 dignitatemque
717 2239 757 2275 in
788 2238 964 2274 oratione
994 2242 1219 2273 constanter
1247 2240 1435 2280 tenerent,
1457 2241 1495 2271 et
1523 2235 1718 2287 integram
1749 2235 1980 2272 exhiberent
2010 2237 2209 2276 notionem

159 2307 238 2348 hae
267 2321 360 2348 vero
398 2321 476 2347 non
517 2321 590 2360 per
628 2319 673 2365 se
711 2304 823 2356 ipsae
861 2300 1051 2340 collocari
1091 2300 1285 2348 solerent,
1327 2299 1398 2338 sed
1428 2305 1623 2351 potestate
1652 2300 1817 2352 propria
1856 2298 2014 2350 abjecta
2051 2301 2209 2355 signifi-

161 2380 296 2415 carent
324 2381 499 2423 tantum,
537 2386 617 2423 qua
647 2372 800 2410 ratione
830 2368 940 2407 notio
980 2366 1175 2417 quaedam
1217 2366 1268 2403 ad
1308 2366 1472 2404 verbum
1502 2372 1604 2404 esset
1633 2366 1852 2413 reserenda,
1882 2365 2065 2414 adeoque
2103 2368 2209 2407 vices

161 2441 361 2479 interdum
404 2439 622 2491 cujuslibet
662 2449 779 2475 casus
814 2433 974 2483 obliqui
1006 2432 1215 2469 nominum
1240 2432 1419 2482 ipsorum
1449 2431 1622 2478 obirent,
1654 2437 1697 2469 ut
1726 2430 2022 2508 προαιρεῖσθαί
2048 2445 2090 2469 τι
2120 2430 2213 2472 ἀντί

160 2519 290 2556 τινος,
318 2507 367 2546 τὸ
396 2504 499 2559 ἀμφὶ
528 2505 670 2557 Κῦρον
697 2499 946 2555 στράτευμα,
977 2495 1030 2537 τὰ
1061 2494 1163 2550 ἀμφὶ
1191 2497 1265 2536 τὸν
1294 2493 1472 2547 πόλεμον
1499 2494 1650 2544 ἀσκεῖν,
1668 2494 1768 2550 ὄναρ
1796 2495 1879 2536 ἀπὸ
1897 2494 2015 2544 Διός,
2041 2493 2211 2549 fiondes

162 2585 212 2612 ex
240 2570 463 2621 arboribus,
492 2574 625 2610 cortex
654 2581 705 2609 ex
733 2565 952 2613 arboribus,
980 2563 1105 2602 vietor
1133 2562 1183 2602 ab
1218 2559 1424 2612 Oechalia,
1454 2561 1575 2602 Ovid.
1605 2563 1705 2604 Met.
1736 2563 1819 2612 lx,
1850 2560 1959 2610 136,
1974 2584 2032 2592 --
2061 2563 2110 2601 ab
2125 2560 2211 2604 Λη-
