2413 3051
1199 115 1229 159 9

194 235 293 285 vm,
312 232 411 275 546.
432 232 525 275 α’ντὶ
552 224 798 288 κασιγνήτου
827 230 955 282 ξεῖνος
981 229 1028 271 θ>
1058 231 1187 284 ἱκέτης
1208 242 1256 270 τε
1277 230 1466 274 τέτυκται
1493 227 1627 283 ἀνέρι,
1669 228 1754 271 ὅστ’
1791 228 1924 282 ὀλίγον
1950 242 2030 284 περ
2058 231 2239 289 ἐπιψαύῃ

193 299 480 356 πραπίδεσσιν,
497 295 639 353 hospes
660 303 698 339 et
712 297 884 352 supplex
911 308 962 337 ex
988 295 1157 337 adverso
1182 293 1312 351 fratri
1331 294 1539 349 ponendus
1567 295 1593 335 i.
1619 309 1654 336 e.
1679 309 1760 350 par
1788 300 1846 336 eet
1873 295 2077 337 habendus
2101 294 2239 352 frmi,

194 366 234 405 si
266 365 376 419 agius
413 363 570 403 animm
606 361 833 417 paullulum
861 361 1131 402 misericordia
1158 365 1447 412 commovetur-,-
1487 381 1543 388 —
1580 362 1697 400 Iliad.
1726 362 1806 410 lx„
1837 362 1932 400 116.
1962 361 2054 402 ἀντὶ
2083 362 2240 402 πολλῶν

194 431 301 471 λαῶν
329 427 441 470 ἐστὶν
469 427 587 483 ἀνὴρ,
618 426 711 469 ὅντε
730 428 837 478 Ζεὺς
864 431 958 482 κῆρι
976 424 1140 482 φιλήσῃ,
1163 426 1375 468 multorum
1397 425 1637 480 populorum
1664 428 1792 468 instar
1820 431 1892 477 est,
1921 427 1948 466 i.
1966 441 1999 466 e.
2029 429 2061 467 si
2092 430 2239 468 multos

191 496 369 549 populos
400 507 448 534 ex
468 494 636 533 adverso
655 494 692 535 ei
712 495 907 548 posueris,
926 506 1064 533 omnes
1084 493 1342 544 exaequabit3
1360 512 1414 520 —
1433 492 1538 530 Iliad
1565 493 1663 544 Vlll,
1693 493 1791 537 163.
1822 495 1897 532 νῦν
1925 490 1961 532 0²
1991 490 2239 547 ἀτιμήσουσι

191 561 369 601 Δαναοί·
409 560 597 609 γυναικὸς
625 556 678 613 ἄρ’
706 558 798 599 ἀντὶ
824 559 985 607 τέτυξο,
1022 556 1114 597 talis
1137 555 1270 617 factus
1298 570 1363 606 es,
1402 561 1446 596 ut
1473 556 1634 596 mulieri
1667 571 1718 597 ex
1754 558 1923 597 adverso
1948 558 2158 610 ponendus
2184 561 2240 599 sis

193 627 223 665 i.
253 639 287 664 e.
318 625 446 672 instar
473 623 650 664 mulieris
674 623 807 680 factm
832 637 900 677 ως
936 646 979 653 -—
1014 622 1225 675 Aristoph,
1253 623 1293 661 in
1324 621 1462 673 Equit.
1483 622 1609 661 1⁰49,
1639 621 1729 662 ἀντὶ
1756 626 1832 663 τοῦ
1857 622 2019 672 λέοντός
2049 624 2131 675 εἰμι’
2159 636 2237 665 σοι.

191 691 305 731 Haec
334 690 577 743 significatio
606 702 684 729 non
715 695 775 729 est
804 689 904 728 huic
931 689 1129 728 vocabulo
1158 693 1299 740 postea
1338 688 1416 726 nisi
1452 700 1476 725 a
1504 687 1637 740 poetis
1675 688 1872 728 interdum
1901 688 2097 742 subjecta.
2157 691 2239 730 Ne-

189 769 269 806 que
297 756 523 794 mirandum
553 761 625 795 est.
683 756 770 795 Usu
795 755 958 807 linguae
986 759 1170 805 correpta
1198 760 1238 792 et
1265 755 1306 791 in
1336 754 1515 793 diversos
1546 766 1641 792 usus
1663 759 1789 793 tracta
1808 755 2006 793 delitescit
2025 756 2239 808 paullatim

187 822 301 874 prior
327 822 387 860 vis
416 820 775 873 praepositionum.
832 819 887 859 Et
915 820 1114 859 Homerus
1144 820 1234 871 ipse
1261 818 1561 869 quodammodo
1605 819 1711 859 viam
1738 821 2010 870 rationemque
2038 822 2236 863 liberioris

187 899 282 926 usus
312 885 557 925 monstravit·
605 884 831 924 Collocavit
861 884 967 923 enim
996 882 1089 923 ἀντί
1116 884 1236 922 etiam
1264 884 1337 932 sic,
1366 889 1409 922 ut
1438 884 1638 937 significet
1666 886 1770 936 loco,
1799 885 1899 935 vice,
1928 898 2017 938 pro,
2046 892 2090 927 ut
2118 887 2237 933 iliad,

187 952 335 1000 xxiv,
362 951 458 991 254.
490 949 581 991 αἴθ’
612 950 699 1001 ἅμα
726 949 883 997 πάντες
899 950 1090 1001 Ἕκτορος
1117 947 1276 1001 ὠφέλετ’
1306 947 1397 987 ἀντὶ
1425 949 1658 1001 πεφάσθαι,
1698 953 1848 989 utinam
1877 964 1948 988 vos
1978 964 2112 992 omnes
2143 956 2235 993 loco

185 1016 371 1055 Hectoris
399 1014 612 1054 obiissetis.
652 1015 735 1054 Sed
765 1016 800 1054 si
827 1015 1049 1054 accuratius
1079 1013 1181 1052 haec
1209 1012 1612 1065 consideraverimus,
1630 1022 1715 1055 tum
1745 1022 1784 1056 et
1813 1017 1883 1056 hic
1911 1017 2077 1056 alterum
2107 1019 2234 1064 alteri,

183 1082 349 1120 Hectori
389 1080 474 1129 eius
513 1080 653 1118 fratres
692 1092 740 1118 ex
778 1080 945 1118 adverso
983 1079 1081 1130 poni
1110 1077 1366 1117 inveniemus.
1432 1080 1572 1130 Neque
1600 1086 1731 1119 tamen
1760 1093 1876 1132 pares
1906 1082 1942 1120 ei
1972 1090 2235 1135 opponuntur

184 1147 338 1194 fratres,
370 1145 447 1183 sed.
469 1144 688 1184 inferiores.
744 1141 856 1183 Dicit
883 1143 990 1182 enim
1017 1143 1199 1182 Priamus
1229 1142 1400 1181 haecce:
1440 1143 1485 1181 Si
1525 1157 1596 1185 vos
1634 1158 1770 1185 omnes
1809 1159 1857 1185 ex
1886 1148 2056 1188 adverso
2101 1162 2233 1201 pono,

184 1222 386 1263 comparo
405 1209 572 1247 Hectori
600 1209 673 1257 illi,
702 1221 773 1248 vos
802 1209 937 1261 potius
957 1208 1115 1256 vellem,
1143 1219 1265 1257 quam
1293 1207 1408 1245 illum
1436 1208 1614 1259 periisse.
1673 1211 1754 1249 Vos
1786 1212 1892 1251 enim
1921 1225 2058 1254 omnes
2088 1216 2234 1255 virtute

181 1275 398 1315 Hectorem
428 1287 507 1313 non
536 1274 729 1326 aequatis.

297 1340 343 1378 ln
373 1339 438 1378 his
468 1333 593 1388 locis,
642 1351 746 1390 quae
774 1351 823 1377 ex
851 1338 1027 1377 Homero
1057 1338 1195 1387 attuli,
1237 1336 1332 1379 ἀντί
1359 1339 1480 1378 modo
1511 1340 1746 1381 adverbium
1775 1348 1856 1392 est,
1899 1346 2021 1384 modo
2062 1347 2229 1386 fluctuat

173 1403 293 1455 quasi
323 1405 425 1443 inter
452 1406 688 1459 adverbium
716 1410 755 1443 et
781 1394 1132 1455 praepositionem·
1190 1404 1246 1442 At
1273 1406 1313 1442 in
1342 1406 1686 1456 praepositionum
1717 1421 1881 1448 numero
1911 1412 2140 1449 habendum
2171 1419 2231 1450 est

181 1470 265 1510 od.
292 1469 388 1519 XX,
424 1471 523 1512 3⁰7.
551 1466 579 1525 ἦ
609 1467 686 1522 γάρ
723 1468 865 1532 κέν’ὴσε
881 1462 1013 1519 ’μέσον
1042 1467 1168 1516 βάλον
1195 1467 1322 1519 ἔγχει,
1361 1468 1429 1508 καί
1454 1470 1500 1508 κε’
1524 1483 1590 1509 τοι
1629 1469 1720 1510 ἀντὶ
1750 1472 1895 1524 γάμοιο
1925 1473 2065 1529 πατὴρ
2093 1476 2228 1529 τάφον

182 1535 472 1589 ἀμφεπονεῖτο,
500 1540 619 1589 paler·
644 1534 718 1574 tibi
739 1546 818 1587 pro
844 1532 994 1585 nuptiis
1021 1533 1206 1588 exequias
1233 1532 1486 1581 celebrasse&
1525 1549 1606 1586 quo
1644 1538 1683 1575 in
1721 1539 1812 1577 loco
1853 1540 1909 1578 rei
1949 1542 2061 1580 alteri
2103 1544 2228 1582 altera

178 1601 411 1653 opponitur,
441 1615 544 1657 quae
572 1602 624 1641 sit
650 1600 712 1638 illi
741 1599 1023 1645 contraria3—
1040 1598 1144 1638 lliad
1163 1600 1297 1647 xxm,
1313 1599 1413 1640 65⁰0
1443 1599 1519 1639 ool
1536 1599 1581 1639 δὲ
1609 1600 1705 1640 θεοὶ
1734 1601 1851 1642 τῶνδ’
1881 1602 1974 1644 α’ντὶ
2003 1605 2128 1660 χάριν
2156 1624 2223 1660 με-

176 1668 331 1707 νοεικεά
362 1666 483 1715 δοῖεν,
513 1668 583 1706 ubi
612 1666 755 1705 Nestor
783 1665 908 1715 cupit,
938 1670 982 1702 ut
1008 1665 1075 1703 Dii
1094 1664 1248 1703 Achilli
1277 1672 1390 1715 grata
1419 1666 1589 1704 referant
1614 1679 1689 1716 pro
1721 1668 1816 1705 dato
1847 1672 2073 1711 certaminis
2103 1688 2224 1726 prae-

176 1733 280 1780 mio;
311 1731 405 1773 ἀντί
431 1736 525 1785 post
553 1743 689 1771 casum
717 1731 896 1783 positum
924 1727 1190 1780 anastrophen
1219 1741 1298 1768 non
1327 1731 1521 1777 admittit3
1543 1752 1595 1759 -
1627 1730 1707 1770 od.
1741 1733 1829 1782 XX,
1859 1735 1958 1775 29⁰.
1997 1737 2122 1776 τοῦτό
2158 1754 2224 1780 τοι

177 1797 269 1838 ἀντὶ
296 1795 423 1845 ποδὸς
452 1794 625 1850 ξυνήϊον,
656 1793 702 1834 ὃν
729 1794 819 1835 ποτ’
847 1791 997 1843 ἔδωκας
1023 1792 1221 1847 Ὀδυσσῆϊ
1247 1792 1374 1846 δόμον
1400 1793 1486 1835 κατ’
1515 1793 1769 1848 ἀλητεύοντι,
1801 1800 1870 1838 ubi
1900 1801 2099 1843 bubulcus
2127 1805 2222 1845 Cte-

177 1864 354 1916 sippum,
381 1876 597 1915 procorum
627 1861 953 1912 superbissimum
981 1861 1144 1909 occidit,
1159 1861 1443 1899 contumeliam
1472 1861 1611 1911 Ulyssi
1647 1869 1761 1902 antea
1790 1865 1941 1905 illatam
1972 1868 2223 1910 vehementer

174 1929 382 1969 vindicans
412 1929 452 1967 in
482 1928 611 1967 illum.
1379 1979 1383 1983 ἧ

286 1994 394 2032 Hinc
430 1993 601 2044 profecti
639 1992 851 2042 scriptores
881 1996 1033 2042 postea,
1072 1992 1231 2030 notione
1260 1991 1568 2042 comparationis
1599 1993 1759 2041 omissa,
1789 1994 1883 2034 ἀντί
1917 1997 2213 2051 praepositione

175 2063 356 2097 utuntur:
1156 2063 1162 2068 '

277 2134 412 2175 ¹quum
441 2122 530 2173 quis
560 2134 678 2173 quem
708 2122 902 2162 inlocum
933 2123 1034 2172 alius
1056 2123 1251 2173 sufficere,
1270 2123 1334 2164 vel
1364 2124 1581 2176 subrogare
1610 2124 1649 2163 in
1682 2137 1795 2164 snum
1822 2126 1966 2176 locum,
1996 2130 2059 2168 vel
2090 2145 2214 2182 quum

175 2188 266 2238 quis
295 2189 336 2225 in
365 2188 496 2227 vicem
522 2188 625 2225 alius
657 2187 871 2224 succedere
899 2188 1068 2226 dicitur:

285 2252 474 2304 Xenoph.
492 2252 621 2291 Anah.
650 2252 709 2300 ΙΙΙ,
740 2250 781 2301 1,
811 2251 881 2292 47.
911 2253 1126 2308 ᾑρέθησαν
1154 2250 1353 2305 ἄρχοντες
1370 2252 1459 2292 ἀντὶ
1486 2253 1561 2303 μὲν
1581 2254 1793 2306 Κλεάρχου
1816 2256 2033 2308 Τιμασίων,
2055 2260 2147 2301 ἀντὶ
2169 2263 2211 2303 ὁρ

172 2315 420 2373 Σωκράτους
448 2315 696 2371 Ξανθικλῆς.
757 2315 849 2356 Vid.
878 2317 979 2359 Xen.
1008 2318 1113 2358 Hist.
1142 2319 1285 2373 Graec,
1314 2319 1342 2360 1.
1376 2322 1414 2369 1,
1443 2319 1521 2367 273
1543 2344 1598 2351 —
1627 2319 1774 2372 Cyrop.
1805 2320 1871 2369 IV,
1899 2321 1940 2371 5,
1969 2324 2116 2371 583—
2148 2330 2212 2371 vl,

168 2385 210 2435 l,
239 2384 315 2431 123
347 2405 397 2413 —
427 2384 486 2432 lll,
517 2384 556 2433 1,
586 2384 653 2423 12.
683 2401 736 2412 —

281 2462 405 2499 quum
426 2450 591 2487 mutatio
622 2449 861 2488 conditionis
889 2449 1098 2487 indicatur.
1137 2449 1192 2486 Et
1221 2456 1280 2486 est
1308 2450 1470 2498 quidem
1501 2463 1545 2486 ea
1575 2451 1745 2499 primum
1777 2451 1832 2489 ita
1873 2464 2126 2506 comparata,
2170 2467 2211 2497 ut

169 2525 192 2550 e
220 2513 354 2564 priore
381 2512 610 2552 conditione
649 2514 738 2565 quis
777 2513 941 2554 transire
974 2515 1014 2553 in
1044 2513 1163 2552 aliam
1192 2514 1244 2553 ab
1274 2515 1343 2553 illa
1372 2515 1491 2566 plane
1520 2514 1738 2564 diversam,
1779 2518 1842 2556 vel
1881 2526 1924 2558 ut
1964 2523 2208 2573 reipublicae

170 2582 316 2626 status,
355 2580 479 2626 vitae,
519 2591 675 2616 morum
713 2579 892 2617 conditio
930 2580 1070 2617 mutari
1110 2580 1149 2617 in
1181 2575 1422 2618 contrarium
1453 2580 1629 2626 dicatur3
1690 2583 1787 2621 Xen.
1816 2584 1948 2626 Anah.
1979 2587 2037 2636 ΙΙΙ,
2071 2588 2106 2635 l,
2139 2588 2205 2629 17.

167 2640 496 2694 ἐστρατεύσαμεν
530 2643 588 2683 ἐπ’
628 2643 754 2684 αὐτὸν
790 2648 843 2692 ὠς
878 2644 1024 2685 δοῦλον
1063 2644 1152 2683 ἀντὶ
1189 2647 1380 2692 βασιλέως
1409 2645 1655 2696 ποιήσοντες
1684 2648 1746 2685 καὶ
1777 2649 2118 2699 &annuos-weg,-
2156 2654 2229 2682 —‘

1562 2724 1580 2747 ‘2
